%% Bibliography file for Everest python package (bibtex format)

