@inproceedings{International_Astronomical_Union2006-ft,
	author = {{International Astronomical Union}},
	booktitle = {2006 {International} {Astronomical} {Union} ({IAU}) {General} {Assembly}},
	year = {2006},
	month = {8},
	title = {IAU 2006 {General} {Assembly}: Resolutions 5 and 6},
}


@article{Sarma2008-wu,
	author = {Sarma, R and Baruah, K and Sarma, J K},
	journal = {arXiv [astro-ph]},
	year = {2008},
	month = {10},
	title = {IAU {Planet} {Definition}: Some {Confusions} and {Their} {Modifications}},
}


@article{Basri2006-vw,
	author = {Basri, Gibor and Brown, Michael E},
	journal = {Annu. Rev. Earth Planet. Sci.},
	number = {1},
	year = {2006},
	month = {5},
	pages = {193--216},
	publisher = {Annual Reviews},
	title = {PLANETESIMALS {TO} {BROWN} {DWARFS}: What is a {Planet}?},
	volume = {34},
}


@article{Zielinski2007-fv,
	author = {Zielinski, Sarah},
	journal = {Eos Trans. AGU},
	number = {11},
	year = {2007},
	month = {3},
	pages = {133},
	publisher = {Wiley Online Library},
	title = {In {Brief}: New {Mexico} declares {Pluto} a planet},
	volume = {88},
}


@book{Tyson2009-oe,
	author = {Tyson, Neil Degrasse},
	year = {2009},
	month = {12},
	publisher = {W. W. Norton & Company},
	title = {The {Pluto} {Files}: The {Rise} and {Fall} of {America}'s {Favorite} {Planet}},
}


@article{Jarman2009-ms,
	author = {Jarman, Ruth and McClune, Billy},
	journal = {Research in Science & Technological Education},
	number = {3},
	year = {2009},
	pages = {309--325},
	publisher = {Taylor & Francis},
	title = {\textquoteleft{}{A} planet of confusion and debate\textquoteright{}: children's and young people's response to the news coverage of {Pluto}'s loss of planetary status},
	volume = {27},
}


@article{Broughton2013-wz,
	author = {Broughton, Suzanne H and Sinatra, Gale M and Nussbaum, E Michael},
	journal = {Research in Science Education},
	number = {2},
	year = {2013},
	pages = {529--550},
	publisher = {Springer},
	title = {``{Pluto} has been a planet my whole life!'' {Emotions}, attitudes, and conceptual change in elementary students\textquoteright{} learning about {Pluto}\textquoteright{}s reclassification},
	volume = {43},
}


@article{Christensen2007-xw,
	author = {Christensen, L L},
	journal = {from Future Professional Communication in Astronomy},
	year = {2007},
	publisher = {Citeseer},
	title = {The {Pluto} affair: When professionals talk to professionals with the public watching},
}


@article{Messeri2010-wo,
	author = {Messeri, Lisa R},
	journal = {Soc. Stud. Sci.},
	number = {2},
	year = {2010},
	month = {4},
	pages = {187--214},
	publisher = {SAGE Publications Ltd},
	title = {The {Problem} with {Pluto}: Conflicting {Cosmologies} and the {Classification} of {Planets}},
	volume = {40},
}


@article{Cartlidge2006-oe,
	author = {Cartlidge, Edwin},
	journal = {Phys. World},
	number = {10},
	year = {2006},
	pages = {11},
	publisher = {IOP Publishing},
	title = {Pluto demotion divides astronomers},
	volume = {19},
}


@article{Hogan2006-aw,
	author = {Hogan, Jenny},
	journal = {Nature},
	number = {7106},
	year = {2006},
	month = {8},
	pages = {965--966},
	publisher = {nature.com},
	title = {Pluto: the backlash begins},
	volume = {442},
}


@inproceedings{Runyon2017-rz,
	author = {Runyon, K D and Stern, S A and Lauer, T R and Grundy, W and Summers, M E and Singer, K N},
	booktitle = {48th {Lunar} and {Planetary} {Science} 2017},
	year = {2017},
	month = {3},
	organization = {adsabs.harvard.edu},
	title = {A {Geophysical} {Planet} {Definition}},
}


@book{Lodders1998-dj,
	author = {Lodders, Katharina and Fegley, Bruce},
	edition = {1 edition},
	year = {1998},
	month = {12},
	publisher = {Oxford University Press},
	title = {The {Planetary} {Scientist}'s {Companion}},
}


@article{Canup2012-nz,
	author = {Canup, Robin M},
	journal = {Science},
	number = {6110},
	year = {2012},
	month = {11},
	pages = {1052--1055},
	publisher = {science.sciencemag.org},
	title = {Forming a {Moon} with an {Earth}-like composition via a giant impact},
	volume = {338},
}


@inbook{Owen2000-ze,
	author = {Owen, T C and Bar-Nun, A},
	booktitle = {Origin of the {Earth} and {Moon}},
	year = {2000},
	month = {1},
	pages = {459--471},
	publisher = {adsabs.harvard.edu},
	title = {Volatile {Contributions} from {Icy} {Planetesimals}},
}


@article{Perez_de_Tejada1992-qq,
	author = {Perez de Tejada, Hector},
	journal = {J. Geophys. Res. [Space Phys]},
	number = {A3},
	year = {1992},
	pages = {3159--3167},
	publisher = {Wiley Online Library},
	title = {Solar wind erosion of the {Mars} early atmosphere},
	volume = {97},
}


@article{Kulikov2006-pc,
	author = {Kulikov, Yu N and Lammer, H and Lichtenegger, H I M and Terada, N and Ribas, I and Kolb, C and Langmayr, D and Lundin, R and Guinan, E F and Barabash, S and Biernat, H K},
	journal = {Planet. Space Sci.},
	number = {13},
	year = {2006},
	month = {11},
	pages = {1425--1444},
	publisher = {Elsevier},
	title = {Atmospheric and water loss from early {Venus}},
	volume = {54},
}


@article{Rees1982-vr,
	author = {Rees, M H},
	journal = {Planet. Space Sci.},
	number = {5},
	year = {1982},
	month = {5},
	pages = {463--472},
	publisher = {Elsevier},
	title = {On the interaction of auroral protons with the earth's atmosphere},
	volume = {30},
}


@article{Melosh1993-cb,
	author = {Melosh, H J and Tonks, W B},
	journal = {Meteoritics},
	year = {1993},
	publisher = {articles.adsabs.harvard.edu},
	title = {Swapping rocks: ejection and exchange of surface material among the terrestrial planets},
}


@article{Thoennessen2011-jq,
	author = {Thoennessen, Michael and Sherrill, Bradley},
	journal = {Nature},
	number = {7345},
	year = {2011},
	pages = {25},
	publisher = {Nature Publishing Group},
	title = {From isotopes to the stars},
	volume = {473},
}


@article{Lay2008-lm,
	author = {Lay, Thorne and Hernlund, John and Buffett, Bruce A},
	journal = {Nat. Geosci.},
	number = {1},
	year = {2008},
	month = {1},
	pages = {25--32},
	publisher = {Nature Publishing Group},
	title = {Core--mantle boundary heat flow},
	volume = {1},
}


@article{Davies2010-gz,
	author = {Davies, J H and Davies, D R},
	journal = {Solid Earth},
	number = {1},
	year = {2010},
	month = {2},
	pages = {5--24},
	publisher = {Copernicus GmbH},
	title = {Earth's surface heat flux},
	volume = {1},
}


@article{Davies2013-ty,
	author = {Davies, J Huw},
	journal = {Geochem. Geophys. Geosyst.},
	number = {10},
	year = {2013},
	month = {10},
	pages = {4608--4622},
	title = {Global map of solid {Earth} surface heat flow},
	volume = {14},
}


@book{Iea2007-pd,
	author = {{IEA}},
	year = {2007},
	publisher = {International Energy Agency Paris},
	title = {Key world energy statistics},
}


@article{Sleep2000-wa,
	author = {Sleep, Norman H},
	journal = {J. Geophys. Res.},
	number = {E7},
	year = {2000},
	month = {7},
	pages = {17563--17578},
	title = {Evolution of the mode of convection within terrestrial planets},
	volume = {105},
}


@book{Verhoogen1980-rh,
	author = {Verhoogen, John},
	year = {1980},
	publisher = {National Academies},
	title = {Energetics of the {Earth}},
}


@article{Dziewonski1981-if,
	author = {Dziewonski, Adam M and Anderson, Don L},
	journal = {Phys. Earth Planet. Inter.},
	number = {4},
	year = {1981},
	month = {6},
	pages = {297--356},
	publisher = {Elsevier},
	title = {Preliminary reference {Earth} model},
	volume = {25},
}


@article{Korenaga2003-oy,
	author = {Korenaga, Jun},
	journal = {Geophys. Res. Lett.},
	number = {8},
	year = {2003},
	month = {4},
	pages = {1437},
	title = {Energetics of mantle convection and the fate of fossil heat},
	volume = {30},
}


@book{De_Pater2015-sq,
	author = {De Pater, Imke and Lissauer, Jack J},
	edition = {2nd ed.},
	year = {2015},
	publisher = {Cambridge University Press},
	title = {Planetary {Sciences}},
}


@article{Zeng2016-pt,
	author = {Zeng, Li and Sasselov, Dimitar D and Jacobsen, Stein B},
	journal = {Astrophys. J.},
	number = {2},
	year = {2016},
	pages = {127},
	publisher = {IOP Publishing},
	title = {Mass--radius relation for rocky planets based on {PREM}},
	volume = {819},
}


@book{Jaupart2010-zy,
	author = {Jaupart, Claude and Mareschal, Jean-Claude},
	year = {2010},
	month = {11},
	publisher = {Cambridge University Press},
	title = {Heat {Generation} and {Transport} in the {Earth}},
}


@article{Thomson1862-kb,
	author = {Thomson, William},
	journal = {Earth Environ. Sci. Trans. R. Soc. Edinb.},
	number = {1},
	year = {1862},
	pages = {157--169},
	publisher = {Royal Society of Edinburgh Scotland Foundation},
	title = {XV.--- {On} the {Secular} {Cooling} of the {Earth}},
	volume = {23},
}


@article{Baker2018-cq,
	author = {Baker, Daniel N and Chandran, Amal},
	journal = {Science},
	number = {6399},
	year = {2018},
	month = {7},
	pages = {207},
	title = {Space, still the final frontier},
	volume = {361},
}


@article{Patterson2006-nz,
	author = {Patterson, G W and Head, J W and Pappalardo, R T},
	journal = {J. Struct. Geol.},
	number = {12},
	year = {2006},
	month = {12},
	pages = {2237--2258},
	title = {Plate motion on {Europa} and nonrigid behavior of the {Icy} lithosphere: The {Castalia} {Macula} region},
	volume = {28},
}


@article{Aydin2006-qz,
	author = {Aydin, Atilla},
	journal = {J. Struct. Geol.},
	year = {2006},
	pages = {2222},
	title = {Failure modes of the lineaments on {Jupiter}'s moon, {Europa}: Implications for the evolution of its icy crust},
	volume = {28},
}


@article{Kattenhorn2006-jc,
	author = {Kattenhorn, Simon A and Marshall, Scott T},
	journal = {J. Struct. Geol.},
	year = {2006},
	pages = {2204},
	title = {Fault-induced perturbed stress fields and associated tensile and compressive deformation at fault tips in the ice shell of {Europa}: implications for fault mechanics},
	volume = {28},
}


@article{OBrien2002-of,
	author = {O'Brien, David P and Geissler, Paul and Greenberg, Richard},
	journal = {Icarus},
	number = {1},
	year = {2002},
	month = {3},
	pages = {152--161},
	title = {A {Melt}-through {Model} for {Chaos} {Formation} on {Europa}},
	volume = {156},
}


@article{Hurford2005-yi,
	author = {Hurford, T A and Beyer, R A and Schmidt, B and Preblich, B and Sarid, A R and Greenberg, R},
	journal = {Icarus},
	year = {2005},
	pages = {380--396},
	title = {Flexure of {Europa}'s lithosphere due to ridge-loading},
	volume = {177},
}


@article{Arculus2019-aa,
	author = {Arculus, Richard J and Gurnis, Michael and {Osamu Ishizuka} and Reagan, Mark K and Pearce, Julian A and Sutherland, Rupert},
	journal = {Oceanography},
	number = {1},
	year = {2019},
	month = {3},
	pages = {160},
	title = {HOW {TO} {CREATE} {NEW} {SUBDUCTION} {ZONES}: A {Global} {Perspective}},
	volume = {32},
}


@article{Hussmann2002-ug,
	author = {Hussmann, Hauke and Spohn, Tilman},
	journal = {Icarus},
	year = {2002},
	pages = {143--151},
	title = {Thermal {Equilibrium} {States} of {Europa}'s {Ice} {Shell}: Implications for {Internal} {Ocean} {Thickness} and {Surface} {Heat} {Flow}},
	volume = {156},
}


@article{Lipps2005-oy,
	author = {Lipps, Jere H and Rieboldt, Sarah},
	journal = {Icarus},
	year = {2005},
	pages = {515--527},
	title = {Habitats and taphonomy of {Europa}},
	volume = {177},
}


@article{Kuskov2000-fh,
	author = {Kuskov, Oleg L and Kronrod, Victor A},
	journal = {Planet. Space Sci.},
	number = {7},
	year = {2000},
	month = {6},
	pages = {717--726},
	title = {Resemblance and difference between the constitution of the {Moon} and {Io}},
	volume = {48},
}


@inbook{Moore2007-fv,
	address = {Berlin, Heidelberg},
	author = {Moore, William B and Schubert, Gerald and Anderson, John D and Spencer, John R},
	booktitle = {Io {After} {Galileo}: A {New} {View} of {Jupiter}\textquoteright{}s {Volcanic} {Moon}},
	editor = {Lopes, Rosaly M C and Spencer, John R},
	year = {2007},
	pages = {89--108},
	publisher = {Springer Berlin Heidelberg},
	title = {The interior of {Io}},
}


@inbook{McEwen2000-hy,
	address = {Boston, MA},
	author = {McEwen, Alfred S and Lopes-Gautier, Rosaly and Keszthelyi, Laszlo and Kieffer, Susan W},
	booktitle = {Environmental {Effects} on {Volcanic} {Eruptions}: From {Deep} {Oceans} to {Deep} {Space}},
	editor = {Zimbelman, James R and Gregg, Tracy K P},
	year = {2000},
	pages = {179--205},
	publisher = {Springer US},
	title = {Extreme {Volcanism} on {Jupiter}\textquoteright{}s {Moon} {Io}},
}


@article{Carr1979-oz,
	author = {Carr, M H and Masursky, H and Strom, R G and Terrile, R J},
	journal = {Nature},
	number = {5725},
	year = {1979},
	month = {8},
	pages = {729--733},
	title = {Volcanic features of {Io}},
	volume = {280},
}


@article{McEwen1998-rq,
	author = {McEwen, A S and Keszthelyi, L and Spencer, J R and Schubert, G and Matson, D L and Lopes-Gautier, R and Klaasen, K P and Johnson, T V and Head, J W and Geissler, P and Fagents, S and Davies, A G and Carr, M H and Breneman, H H and Belton, M J},
	journal = {Science},
	number = {5373},
	year = {1998},
	month = {7},
	pages = {87--90},
	title = {High-temperature silicate volcanism on {Jupiter}'s moon {Io}},
	volume = {281},
}


@article{Spencer2007-ac,
	author = {Spencer, J R and Stern, S A and Cheng, A F and Weaver, H A and Reuter, D C and Retherford, K and Lunsford, A and Moore, J M and Abramov, O and Lopes, R M C and Perry, J E and Kamp, L and Showalter, M and Jessup, K L and Marchis, F and Schenk, P M and Dumas, C},
	journal = {Science},
	number = {5848},
	year = {2007},
	month = {10},
	pages = {240--243},
	title = {Io volcanism seen by new horizons: a major eruption of the {Tvashtar} volcano},
	volume = {318},
}


@article{Bart2004-mx,
	author = {Bart, Gwendolyn D and Turtle, Elizabeth P and Jaeger, Windy L and Keszthelyi, Laszlo P and Greenberg, Richard},
	journal = {Icarus},
	year = {2004},
	pages = {111--126},
	title = {Ridges and tidal stress on {Io}},
	volume = {169},
}


@article{Tyler2015-hq,
	author = {Tyler, Robert H and Henning, Wade G and Hamilton, Christopher W},
	journal = {ApJS},
	number = {2},
	year = {2015},
	month = {6},
	pages = {22},
	publisher = {IOP Publishing},
	title = {TIDAL {HEATING} {IN} {A} {MAGMA} {OCEAN} {WITHIN} {JUPITER}\textquoteright{}{S} {MOON} {Io}},
	volume = {218},
}


@article{Smith1979-wo,
	author = {Smith, B A and Shoemaker, E M and Kieffer, S W and Cook, A F},
	journal = {Nature},
	year = {1979},
	publisher = {geology.illinois.edu},
	title = {The role of {SO} 2 in volcanism on {Io}},
}


@article{Davies2008-qh,
	author = {Davies, Ashley Gerard and Calkins, Julie and Scharenbroich, Lucas and Vaughan, R Greg and Wright, Robert and Kyle, Philip and Casta{\' n}o, Rebecca and Chien, Steve and Tran, Daniel},
	journal = {J. Volcanol. Geotherm. Res.},
	number = {3},
	year = {2008},
	month = {11},
	pages = {705--724},
	title = {Multi-instrument remote and in situ observations of the {Erebus} {Volcano} ({Antarctica}) lava lake in 2005: A comparison with the {Pele} lava lake on the jovian moon {Io}},
	volume = {177},
}


@article{Williams2000-wq,
	author = {Williams, David A and Wilson, Allan H and Greeley, Ronald},
	series = {NASA {Spec}. {Publ}.},
	journal = {J. Geophys. Res.},
	number = {E1},
	year = {2000},
	month = {1},
	pages = {1671--1684},
	publisher = {Wiley Online Library},
	title = {A komatiite analog to potential ultramafic materials on {Io}},
	volume = {105},
}


@article{Nna_Mvondo2007-fc,
	author = {Nna Mvondo, Delphine and Martinez-Frias, Jesus},
	journal = {Earth Moon Planets},
	number = {3-4},
	year = {2007},
	pages = {157--179},
	publisher = {Springer},
	title = {Review komatiites: from {Earth}\textquoteright{}s geological settings to planetary and astrobiological contexts},
	volume = {100},
}


@article{Matson1998-sa,
	author = {Matson, D and Blaney, D and Johnson, T and Veeder, G and Davis, A},
	year = {1998},
	publisher = {trs.jpl.nasa.gov},
	title = {Io and the early {Earth}},
}


@article{Moore2013-oe,
	author = {Moore, William B and Webb, A Alexander G},
	journal = {Nature},
	number = {7468},
	year = {2013},
	month = {9},
	pages = {501--505},
	title = {Heat-pipe {Earth}},
	volume = {501},
}


@article{Kankanamge2016-lf,
	author = {Kankanamge, Duminda G J and Moore, William B},
	journal = {Geophys. Res. Lett.},
	number = {7},
	year = {2016},
	month = {4},
	pages = {3208--3214},
	title = {Heat transport in the {Hadean} mantle: From heat pipes to plates},
	volume = {43},
}


@article{Moore2017-fx,
	author = {Moore, William B and Simon, Justin I and Webb, A Alexander G},
	journal = {Earth Planet. Sci. Lett.},
	year = {2017},
	month = {9},
	pages = {13--19},
	title = {Heat-pipe planets},
	volume = {474},
}


@inbook{Spencer2009-aq,
	address = {Dordrecht},
	author = {Spencer, John R and Barr, Amy C and Esposito, Larry W and Helfenstein, Paul and Ingersoll, Andrew P and Jaumann, Ralf and McKay, Christopher P and Nimmo, Francis and Waite, J Hunter},
	booktitle = {Saturn from {Cassini}-{Huygens}},
	editor = {Dougherty, Michele K and Esposito, Larry W and Krimigis, Stamatios M},
	year = {2009},
	pages = {683--724},
	publisher = {Springer Netherlands},
	title = {Enceladus: An {Active} {Cryovolcanic} {Satellite}},
}


@inproceedings{Czechowski2017-ma,
	author = {Czechowski, Leszek},
	booktitle = {European {Planetary} {Science} {Congress}},
	year = {2017},
	organization = {meetingorganizer.copernicus.org},
	title = {Present and future tectonics of {Enceladus}},
	volume = {11},
}


@article{Hanel1982-dt,
	author = {Hanel, R and Conrath, B and Flasar, F M and Kunde, V and Maguire, W and Pearl, J and Pirraglia, J and Samuelson, R and Cruikshank, D and Gautier, D and Gierasch, P and Horn, L and Ponnamperuma, C},
	journal = {Science},
	number = {4532},
	year = {1982},
	month = {1},
	pages = {544--548},
	publisher = {science.sciencemag.org},
	title = {Infrared observations of the saturnian system from voyager 2},
	volume = {215},
}


@article{Smith1982-me,
	author = {Smith, B A and Soderblom, L and Batson, R and Bridges, P and Inge, J and Masursky, H and Shoemaker, E and Beebe, R and Boyce, J and Briggs, G and Bunker, A and Collins, S A and Hansen, C J and Johnson, T V and Mitchell, J L and Terrile, R J and Cook, 2nd, A F and Cuzzi, J and Pollack, J B and Danielson, G E and Ingersoll, A P and Davies, M E and Hunt, G E and Morrison, D and Owen, T and Sagan, C and Veverka, J and Strom, R and Suomi, V E},
	journal = {Science},
	number = {4532},
	year = {1982},
	month = {1},
	pages = {504--537},
	publisher = {science.sciencemag.org},
	title = {A new look at the saturn system: the voyager 2 images},
	volume = {215},
}


@article{Kargel1996-zy,
	author = {Kargel, Jeffrey S and Pozio, Stefania},
	journal = {Icarus},
	number = {2},
	year = {1996},
	month = {2},
	pages = {385--404},
	publisher = {Elsevier},
	title = {The {Volcanic} and {Tectonic} {History} of {Enceladus}},
	volume = {119},
}


@article{Squyres1982-ip,
	author = {Squyres, S W and Reynolds, R T and Cassen, P M and Peale, S J},
	journal = {Lunar and Planetary Science},
	year = {1982},
	pages = {762--763},
	publisher = {Lunar},
	title = {The tectonics of {Enceladus}},
	volume = {12},
}


@article{Squyres1983-eh,
	author = {Squyres, Steven W and Reynolds, Ray T and Cassen, Patrick M and Peale, Stanton J},
	journal = {Icarus},
	number = {2},
	year = {1983},
	month = {2},
	pages = {319--331},
	publisher = {Elsevier},
	title = {The evolution of {Enceladus}},
	volume = {53},
}


@article{McKinnon1987-kj,
	author = {McKinnon, William B},
	series = {ch.},
	journal = {Rev. Geophys.},
	number = {2},
	year = {1987},
	pages = {260},
	publisher = {Wiley Online Library},
	title = {Jovian and {Saturnian} satellites},
	volume = {25},
}


@article{Roatsch2008-fz,
	author = {Roatsch, Th and W{\" a}hlisch, M and Giese, B and Hoffmeister, A and Matz, K-D and Scholten, F and Kuhn, A and Wagner, R and Neukum, G and Helfenstein, P and Porco, C},
	journal = {Planet. Space Sci.},
	number = {1},
	year = {2008},
	month = {1},
	pages = {109--116},
	title = {High-resolution {Enceladus} atlas derived from {Cassini}-{ISS} images},
	volume = {56},
}


@article{Dougherty2006-ko,
	author = {Dougherty, M K and Khurana, K K and Neubauer, F M and Russell, C T and Saur, J and Leisner, J S and Burton, M E},
	journal = {Science},
	number = {5766},
	year = {2006},
	month = {3},
	pages = {1406--1409},
	publisher = {science.sciencemag.org},
	title = {Identification of a dynamic atmosphere at {Enceladus} with the {Cassini} magnetometer},
	volume = {311},
}


@article{Ostro2006-qd,
	author = {Ostro, Steven J and West, Richard D and Janssen, Michael A and Lorenz, Ralph D and Zebker, Howard A and Black, Gregory J and Lunine, Jonathan I and Wye, Lauren C and Lopes, Rosaly M and Wall, Stephen D and Elachi, Charles and Roth, Laci and Hensley, Scott and Kelleher, Kathleen and Hamilton, Gary A and Gim, Yonggyu and Anderson, Yanhua Z and Boehmer, Rudy A and Johnson, William T K},
	journal = {Icarus},
	number = {2},
	year = {2006},
	month = {8},
	pages = {479--490},
	title = {Cassini {RADAR} observations of {Enceladus}, {Tethys}, {Dione}, {Rhea}, {Iapetus}, {Hyperion}, and {Phoebe}},
	volume = {183},
}


@article{Waite2006-pr,
	author = {Waite, Jr, J Hunter and Combi, Michael R and Ip, Wing-Huen and Cravens, Thomas E and McNutt, Jr, Ralph L and Kasprzak, Wayne and Yelle, Roger and Luhmann, Janet and Niemann, Hasso and Gell, David and Magee, Brian and Fletcher, Greg and Lunine, Jonathan and Tseng, Wei-Ling},
	journal = {Science},
	number = {5766},
	year = {2006},
	month = {3},
	pages = {1419--1422},
	publisher = {science.sciencemag.org},
	title = {Cassini ion and neutral mass spectrometer: Enceladus plume composition and structure},
	volume = {311},
}


@article{Porco2006-aw,
	author = {Porco, C C and Helfenstein, P and Thomas, P C and Ingersoll, A P and Wisdom, J and West, R and Neukum, G and Denk, T and Wagner, R and Roatsch, T and Kieffer, S and Turtle, E and McEwen, A and Johnson, T V and Rathbun, J and Veverka, J and Wilson, D and Perry, J and Spitale, J and Brahic, A and Burns, J A and Delgenio, A D and Dones, L and Murray, C D and Squyres, S},
	journal = {Science},
	number = {5766},
	year = {2006},
	month = {3},
	pages = {1393--1401},
	title = {Cassini observes the active south pole of {Enceladus}},
	volume = {311},
}


@article{Iess2014-is,
	author = {Iess, L and Stevenson, D J and Parisi, M and Hemingway, D and Jacobson, R A and Lunine, J I and Nimmo, F and Armstrong, J W and Asmar, S W and Ducci, M and Tortora, P},
	journal = {Science},
	number = {6179},
	year = {2014},
	month = {4},
	pages = {78--80},
	publisher = {science.sciencemag.org},
	title = {The gravity field and interior structure of {Enceladus}},
	volume = {344},
}


@article{Nimmo2014-zm,
	author = {Nimmo, Francis and Porco, Carolyn and Mitchell, Colin},
	journal = {AJS},
	number = {3},
	year = {2014},
	month = {7},
	pages = {46},
	publisher = {IOP Publishing},
	title = {TIDALLY {MODULATED} {ERUPTIONS} {ON} {ENCELADUS}: CASSINI {ISS} {OBSERVATIONS} {AND} {MODELS}},
	volume = {148},
}


@article{Roberts2008-ij,
	author = {Roberts, James H and Nimmo, Francis},
	journal = {Icarus},
	number = {2},
	year = {2008},
	month = {4},
	pages = {675--689},
	title = {Tidal heating and the long-term stability of a subsurface ocean on {Enceladus}},
	volume = {194},
}


@article{Schubert2007-xe,
	author = {Schubert, Gerald and Anderson, John D and Travis, Bryan J and Palguta, Jennifer},
	journal = {Icarus},
	number = {2},
	year = {2007},
	month = {6},
	pages = {345--355},
	publisher = {Elsevier},
	title = {Enceladus: Present internal structure and differentiation by early and long-term radiogenic heating},
	volume = {188},
}


@article{Kargel1983-hd,
	author = {Kargel, J S},
	journal = {Lunar and Planetary Science Conference},
	year = {1983},
	publisher = {adsabs.harvard.edu},
	title = {Enceladus: an {Analog} of {Terrestrial} {Plate} {Tectonism}?},
}


@article{Tobie2008-mf,
	author = {Tobie, G and {\v C}adek, O and Sotin, C},
	journal = {Icarus},
	number = {2},
	year = {2008},
	month = {8},
	pages = {642--652},
	publisher = {Elsevier},
	title = {Solid tidal friction above a liquid water reservoir as the origin of the south pole hotspot on {Enceladus}},
	volume = {196},
}


@article{ONeill2010-bu,
	author = {O\textquoteright{}Neill, Craig and Nimmo, Francis},
	journal = {Nat. Geosci.},
	number = {2},
	year = {2010},
	month = {2},
	pages = {88--91},
	title = {The role of episodic overturn in generating the surface geology and heat flow on {Enceladus}},
	volume = {3},
}


@article{Barr2008-ro,
	author = {Barr, Amy C},
	journal = {J. Geophys. Res.},
	number = {E7},
	year = {2008},
	month = {7},
	pages = {L09202},
	publisher = {Wiley Online Library},
	title = {Mobile lid convection beneath {Enceladus}' south polar terrain},
	volume = {113},
}


@book{Marschall2009-pd,
	author = {Marschall, Laurence A and Maran, Stephen P},
	year = {2009},
	publisher = {BenBella Books},
	title = {Pluto {Confidential}: An {Insider} {Account} of the {Ongoing} {Battles} {Over} the {Status} of {Pluto}},
}


@article{Hand2015-bv,
	author = {Hand, Eric},
	journal = {Science},
	number = {6246},
	year = {2015},
	month = {7},
	pages = {352--353},
	publisher = {American Association for the Advancement of Science},
	title = {Scientists ponder an improbably active {Pluto}},
	volume = {349},
}


@article{Stern2015-fe,
	author = {Stern, S A and Bagenal, F and Ennico, K and Gladstone, G R and Grundy, W M and McKinnon, W B and Moore, J M and Olkin, C B and Spencer, J R and Weaver, H A and Young, L A and Andert, T and Andrews, J and Banks, M and Bauer, B and Bauman, J and Barnouin, O S and Bedini, P and Beisser, K and Beyer, R A and Bhaskaran, S and Binzel, R P and Birath, E and Bird, M and Bogan, D J and Bowman, A and Bray, V J and Brozovic, M and Bryan, C and Buckley, M R and Buie, M W and Buratti, B J and Bushman, S S and Calloway, A and Carcich, B and Cheng, A F and Conard, S and Conrad, C A and Cook, J C and Cruikshank, D P and Custodio, O S and Dalle Ore, C M and Deboy, C and Dischner, Z J B and Dumont, P and Earle, A M and Elliott, H A and Ercol, J and Ernst, C M and Finley, T and Flanigan, S H and Fountain, G and Freeze, M J and Greathouse, T and Green, J L and Guo, Y and Hahn, M and Hamilton, D P and Hamilton, S A and Hanley, J and Harch, A and Hart, H M and Hersman, C B and Hill, A and Hill, M E and Hinson, D P and Holdridge, M E and Horanyi, M and Howard, A D and Howett, C J A and Jackman, C and Jacobson, R A and Jennings, D E and Kammer, J A and Kang, H K and Kaufmann, D E and Kollmann, P and Krimigis, S M and Kusnierkiewicz, D and Lauer, T R and Lee, J E and Lindstrom, K L and Linscott, I R and Lisse, C M and Lunsford, A W and Mallder, V A and Martin, N and McComas, D J and McNutt, Jr, R L and Mehoke, D and Mehoke, T and Melin, E D and Mutchler, M and Nelson, D and Nimmo, F and Nunez, J I and Ocampo, A and Owen, W M and Paetzold, M and Page, B and Parker, A H and Parker, J W and Pelletier, F and Peterson, J and Pinkine, N and Piquette, M and Porter, S B and Protopapa, S and Redfern, J and Reitsema, H J and Reuter, D C and Roberts, J H and Robbins, S J and Rogers, G and Rose, D and Runyon, K and Retherford, K D and Ryschkewitsch, M G and Schenk, P and Schindhelm, E and Sepan, B and Showalter, M R and Singer, K N and Soluri, M and Stanbridge, D and Steffl, A J and Strobel, D F and Stryk, T and Summers, M E and Szalay, J R and Tapley, M and Taylor, A and Taylor, H and Throop, H B and Tsang, C C C and Tyler, G L and Umurhan, O M and Verbiscer, A J and Versteeg, M H and Vincent, M and Webbert, R and Weidner, S and Weigle, 2nd, G E and White, O L and Whittenburg, K and Williams, B G and Williams, K and Williams, S and Woods, W W and Zangari, A M and Zirnstein, E},
	journal = {Science},
	number = {6258},
	year = {2015},
	month = {10},
	pages = {aad1815},
	title = {The {Pluto} system: Initial results from its exploration by {New} {Horizons}},
	volume = {350},
}


@article{Moore2016-jb,
	author = {Moore, Jeffrey M and McKinnon, William B and Spencer, John R and Howard, Alan D and Schenk, Paul M and Beyer, Ross A and Nimmo, Francis and Singer, Kelsi N and Umurhan, Orkan M and White, Oliver L and Stern, S Alan and Ennico, Kimberly and Olkin, Cathy B and Weaver, Harold A and Young, Leslie A and Binzel, Richard P and Buie, Marc W and Buratti, Bonnie J and Cheng, Andrew F and Cruikshank, Dale P and Grundy, Will M and Linscott, Ivan R and Reitsema, Harold J and Reuter, Dennis C and Showalter, Mark R and Bray, Veronica J and Chavez, Carrie L and Howett, Carly J A and Lauer, Tod R and Lisse, Carey M and Parker, Alex Harrison and Porter, S B and Robbins, Stuart J and Runyon, Kirby and Stryk, Ted and Throop, Henry B and Tsang, Constantine C C and Verbiscer, Anne J and Zangari, Amanda M and Chaikin, Andrew L and Wilhelms, Don E and {New Horizons Science Team}},
	journal = {Science},
	number = {6279},
	year = {2016},
	month = {3},
	pages = {1284--1293},
	title = {The geology of {Pluto} and {Charon} through the eyes of {New} {Horizons}},
	volume = {351},
}


@article{Telfer2018-sy,
	author = {Telfer, Matt W and Parteli, Eric J R and Radebaugh, Jani and Beyer, Ross A and Bertrand, Tanguy and Forget, Fran{\c c}ois and Nimmo, Francis and Grundy, Will M and Moore, Jeffrey M and Stern, S Alan and Spencer, John and Lauer, Tod R and Earle, Alissa M and Binzel, Richard P and Weaver, Hal A and Olkin, Cathy B and Young, Leslie A and Ennico, Kimberly and Runyon, Kirby and {New Horizons Geology, Geophysics and Imaging Science Theme Team} and Buie, Marc and Buratti, Bonnie and Cheng, Andy and Kavelaars, J J and Linscott, Ivan and McKinnon, William B and Reitsema, Harold and Reuter, Dennis and Schenk, Paul and Showalter, Mark and Tyler, Len},
	journal = {Science},
	number = {6392},
	year = {2018},
	month = {6},
	pages = {992--997},
	title = {Dunes on {Pluto}},
	volume = {360},
}


@article{Grundy2016-ya,
	author = {Grundy, W M and Binzel, R P and Buratti, B J and Cook, J C and Cruikshank, D P and Dalle Ore, C M and Earle, A M and Ennico, K and Howett, C J A and Lunsford, A W and Olkin, C B and Parker, A H and Philippe, S and Protopapa, S and Quirico, E and Reuter, D C and Schmitt, B and Singer, K N and Verbiscer, A J and Beyer, R A and Buie, M W and Cheng, A F and Jennings, D E and Linscott, I R and Parker, J Wm and Schenk, P M and Spencer, J R and Stansberry, J A and Stern, S A and Throop, H B and Tsang, C C C and Weaver, H A and Weigle, 2nd, G E and Young, L A and {New Horizons Science Team}},
	journal = {Science},
	number = {6279},
	year = {2016},
	month = {3},
	pages = {aad9189},
	title = {Surface compositions across {Pluto} and {Charon}},
	volume = {351},
}


@article{Schenk2018-jv,
	author = {Schenk, Paul Michael and Beyer, Ross A and McKinnon, William B and Moore, Jeffrey M and Spencer, John R and White, Oliver L and Singer, Kelsi and Nimmo, Francis and Thomason, Carver and Lauer, Tod R and Robbins, Stuart and Umurhan, Orkan M and Grundy, William M and Stern, S Alan and Weaver, Harold A and Young, Leslie A and Smith, K Ennico and Olkin, Cathy},
	journal = {Icarus},
	year = {2018},
	month = {11},
	pages = {400--433},
	title = {Basins, fractures and volcanoes: Global cartography and topography of {Pluto} from {New} {Horizons}},
	volume = {314},
}


@article{Bertrand2016-qq,
	author = {Bertrand, Tanguy and Forget, Fran{\c c}ois},
	journal = {Nature},
	year = {2016},
	month = {9},
	pages = {86},
	publisher = {Macmillan Publishers Limited, part of Springer Nature. All rights reserved.},
	title = {Observed glacier and volatile distribution on {Pluto} from atmosphere--topography processes},
	volume = {540},
}


@inproceedings{Singer2018-eh,
	author = {Singer, Kelsi N and Schenk, Paul M and McKinnon, William B and Beyer, Ross A and Schmitt, Bernard and White, Oliver L and Moore, Jeffrey M and Grundy, William and Spencer, John and Stern, S A and Lauer, Tod R and Olkin, Catherine B and Weaver, Harold A and Young, Leslie A and Ennico, Kimberly and {Horizons Geology, New} and {Geophysics Team}},
	booktitle = {AAS/{Division} for {Planetary} {Sciences} {Meeting} {Abstracts} #50},
	year = {2018},
	month = {10},
	title = {Cryovolcanic {Constructs} on {Pluto}},
}


@inproceedings{Singer2017-dn,
	author = {Singer, K N and Schenk, P and White, O L and Moore, J M and McKinnon, W B and Grundy, W M and Spencer, J R and Stern, A and Cook, J C and Nimmo, F and Howard, A D and Cruikshank, D P and Beyer, R A and Umurhan, O M and Lauer, T and Weaver, Jr, H A and Young, L A and Ennico Smith, K},
	booktitle = {AGU {Fall} {Meeting} {Abstracts}},
	year = {2017},
	month = {12},
	organization = {adsabs.harvard.edu},
	title = {Cryovolcanic {Resurfacing} on {Pluto}},
	volume = {2017},
}


@article{Cruikshank2019-al,
	author = {Cruikshank, Dale P and Umurhan, Orkan M and Beyer, Ross A and Schmitt, Bernard and Keane, James T and Runyon, Kirby D and Atri, Dimitra and White, Oliver L and Matsuyama, Isamu and Moore, Jeffrey M and McKinnon, William B and Sandford, Scott A and Singer, Kelsi N and Grundy, William M and Dalle Ore, Cristina M and Cook, Jason C and Bertrand, Tanguy and Stern, S Alan and Olkin, Catherine B and Weaver, Harold A and Young, Leslie A and Spencer, John R and Lisse, Carey M and Binzel, Richard P and Earle, Alissa M and Robbins, Stuart J and Gladstone, G Randall and Cartwright, Richard J and Ennico, Kimberly},
	journal = {Icarus},
	year = {2019},
	month = {9},
	pages = {155--168},
	publisher = {Elsevier},
	title = {Recent cryovolcanism in {Virgil} {Fossae} on {Pluto}},
	volume = {330},
}


@article{Dalle_Ore2019-ke,
	author = {Dalle Ore, C M and Cruikshank, D P and Protopapa, S and Scipioni, F and McKinnon, W B and Cook, J C and Grundy, W M and Schmitt, B and Stern, S A and Moore, J M and Verbiscer, A and Parker, A H and Singer, K N and Umurhan, O M and Weaver, H A and Olkin, C B and Young, L A and Ennico, K},
	journal = {Science Advances},
	number = {5},
	year = {2019},
	month = {5},
	pages = {eaav5731},
	publisher = {American Association for the Advancement of Science},
	title = {Detection of ammonia on {Pluto}\textquoteright{}s surface in a region of geologically recent tectonism},
	volume = {5},
}


@article{Gladstone2016-hn,
	author = {Gladstone, G Randall and Stern, S Alan and Ennico, Kimberly and Olkin, Catherine B and Weaver, Harold A and Young, Leslie A and Summers, Michael E and Strobel, Darrell F and Hinson, David P and Kammer, Joshua A and Parker, Alex H and Steffl, Andrew J and Linscott, Ivan R and Parker, Joel Wm and Cheng, Andrew F and Slater, David C and Versteeg, Maarten H and Greathouse, Thomas K and Retherford, Kurt D and Throop, Henry and Cunningham, Nathaniel J and Woods, William W and Singer, Kelsi N and Tsang, Constantine C C and Schindhelm, Eric and Lisse, Carey M and Wong, Michael L and Yung, Yuk L and Zhu, Xun and Curdt, Werner and Lavvas, Panayotis and Young, Eliot F and Tyler, G Leonard and {New Horizons Science Team}},
	journal = {Science},
	number = {6279},
	year = {2016},
	month = {3},
	pages = {aad8866},
	title = {The atmosphere of {Pluto} as observed by {New} {Horizons}},
	volume = {351},
}


@article{Stern2018-ui,
	author = {Stern, S Alan and Grundy, William M and McKinnon, William B and Weaver, Harold A and Young, Leslie A},
	journal = {Annu. Rev. Astron. Astrophys.},
	number = {1},
	year = {2018},
	month = {9},
	pages = {357--392},
	publisher = {Annual Reviews},
	title = {The {Pluto} {System} {After} {New} {Horizons}},
	volume = {56},
}


@article{Nimmo2016-fj,
	author = {Nimmo, F and Hamilton, D P and McKinnon, W B and Schenk, P M and Binzel, R P and Bierson, C J and Beyer, R A and Moore, J M and Stern, S A and Weaver, H A and Olkin, C B and Young, L A and Smith, K E and {New Horizons Geology, Geophysics &Imaging Theme Team}},
	journal = {Nature},
	number = {7631},
	year = {2016},
	month = {12},
	pages = {94--96},
	publisher = {nature.com},
	title = {Reorientation of {Sputnik} {Planitia} implies a subsurface ocean on {Pluto}},
	volume = {540},
}


@article{Hammond2016-ha,
	author = {Hammond, Noah P and Barr, Amy C and Parmentier, Edgar M},
	journal = {Geophys. Res. Lett.},
	number = {13},
	year = {2016},
	month = {7},
	pages = {6775--6782},
	title = {Recent tectonic activity on {Pluto} driven by phase changes in the ice shell: THERMAL {EVOLUTION} {OF} {PLUTO}},
	volume = {43},
}


@article{Kamata2019-yv,
	author = {Kamata, Shunichi and Nimmo, Francis and Sekine, Yasuhito and Kuramoto, Kiyoshi and Noguchi, Naoki and Kimura, Jun and Tani, Atsushi},
	journal = {Nat. Geosci.},
	number = {6},
	year = {2019},
	pages = {407},
	publisher = {Nature Publishing Group},
	title = {Pluto\textquoteright{}s ocean is capped and insulated by gas hydrates},
	volume = {12},
}


@article{Wolszczan1992-cg,
	author = {Wolszczan, A and Frail, D A},
	journal = {Nature},
	year = {1992},
	pages = {145--147},
	title = {A planetary system around the millisecond pulsar {PSR1257} + 12},
	volume = {355},
}


@article{Mayor1995-tc,
	author = {Mayor, Michel and Queloz, Didier},
	journal = {Nature},
	number = {6555},
	year = {1995},
	month = {11},
	pages = {355--359},
	publisher = {nature.com},
	title = {A {Jupiter}-mass companion to a solar-type star},
	volume = {378},
}


@misc{NASA_Exoplanet_Science_Institute2019-lx,
	author = {{NASA Exoplanet Science Institute}},
	year = {2019},
	month = {8},
	title = {NASA {Exoplanet} {Archive}},
}


@article{Adams2012-yx,
	author = {Adams, Elisabeth R and Ciardi, David R and Dupree, Andrea K and Gautier, III, T Nick and Kulesa, Craig and McCarthy, Don},
	journal = {Astron. J.},
	number = {2},
	year = {2012},
	pages = {42},
	publisher = {IOP Publishing},
	title = {Adaptive optics images of {Kepler} objects of interest},
	volume = {144},
}


@article{Burrows2014-nj,
	author = {Burrows, Adam S and Marcy, Geoffrey W},
	journal = {Proc. Natl. Acad. Sci. U. S. A.},
	number = {35},
	year = {2014},
	month = {9},
	pages = {12599--12600},
	title = {Exoplanets. {Introduction}},
	volume = {111},
}


@article{Toth2014-ni,
	author = {T{\' o}th, Zs and Nagy, I},
	journal = {Mon. Not. R. Astron. Soc.},
	number = {1},
	year = {2014},
	month = {7},
	pages = {454--461},
	title = {Dynamical stability of the {Gliese} 581 exoplanetary system},
	volume = {442},
}


@article{Gillon2017-zh,
	author = {Gillon, Micha{\" e}l and Triaud, Amaury H M J and Demory, Brice-Olivier and Jehin, Emmanu{\" e}l and Agol, Eric and Deck, Katherine M and Lederer, Susan M and de Wit, Julien and Burdanov, Artem and Ingalls, James G and Bolmont, Emeline and Leconte, Jeremy and Raymond, Sean N and Selsis, Franck and Turbet, Martin and Barkaoui, Khalid and Burgasser, Adam and Burleigh, Matthew R and Carey, Sean J and Chaushev, Aleksander and Copperwheat, Chris M and Delrez, Laetitia and Fernandes, Catarina S and Holdsworth, Daniel L and Kotze, Enrico J and Van Grootel, Val{\' e}rie and Almleaky, Yaseen and Benkhaldoun, Zouhair and Magain, Pierre and Queloz, Didier},
	journal = {Nature},
	number = {7642},
	year = {2017},
	month = {2},
	pages = {456--460},
	title = {Seven temperate terrestrial planets around the nearby ultracool dwarf star {TRAPPIST}-1},
	volume = {542},
}


@article{Cassan2012-jh,
	author = {Cassan, A and Kubas, D and Beaulieu, J-P and Dominik, M and Horne, K and Greenhill, J and Wambsganss, J and Menzies, J and Williams, A and J\o{}rgensen, U G and Udalski, A and Bennett, D P and Albrow, M D and Batista, V and Brillant, S and Caldwell, J A R and Cole, A and Coutures, Ch and Cook, K H and Dieters, S and Prester, D Dominis and Donatowicz, J and Fouqu{\' e}, P and Hill, K and Kains, N and Kane, S and Marquette, J-B and Martin, R and Pollard, K R and Sahu, K C and Vinter, C and Warren, D and Watson, B and Zub, M and Sumi, T and Szyma{\' n}ski, M K and Kubiak, M and Poleski, R and Soszynski, I and Ulaczyk, K and Pietrzy{\' n}ski, G and Wyrzykowski, L},
	journal = {Nature},
	number = {7380},
	year = {2012},
	month = {1},
	pages = {167--169},
	title = {One or more bound planets per {Milky} {Way} star from microlensing observations},
	volume = {481},
}


@article{Ford2014-gy,
	author = {Ford, Eric B},
	journal = {Proc. Natl. Acad. Sci. U. S. A.},
	number = {35},
	year = {2014},
	month = {9},
	pages = {12616--12621},
	title = {Architectures of planetary systems and implications for their formation},
	volume = {111},
}


@article{Han2014-bl,
	author = {Han, Eunkyu and Wang, Sharon X and Wright, Jason T and Feng, Y Katherina and Zhao, Ming and Fakhouri, Onsi and Brown, Jacob I and Hancock, Colin},
	journal = {Publ. Astro. Soc. Pac.},
	year = {2014},
	pages = {827},
	title = {Exoplanet {Orbit} {Database}. {II}. {Updates} to {Exoplanets}.org},
	volume = {126},
}


@article{Batalha2013-mo,
	author = {Batalha, Natalie M and Rowe, Jason F and Bryson, Stephen T and Barclay, Thomas and Burke, Christopher J and Caldwell, Douglas A and Christiansen, Jessie L and Mullally, Fergal and Thompson, Susan E and Brown, Timothy M and Dupree, Andrea K and Fabrycky, Daniel C and Ford, Eric B and Fortney, Jonathan J and Gilliland, Ronald L and Isaacson, Howard and Latham, David W and Marcy, Geoffrey W and Quinn, Samuel N and Ragozzine, Darin and Shporer, Avi and Borucki, William J and Ciardi, David R and Thomas N. Gautier, I I I and Haas, Michael R and Jenkins, Jon M and Koch, David G and Lissauer, Jack J and Rapin, William and Basri, Gibor S and Boss, Alan P and Buchhave, Lars A and Carter, Joshua A and Charbonneau, David and Christensen-Dalsgaard, Joergen and Clarke, Bruce D and Cochran, William D and Demory, Brice-Olivier and Desert, Jean-Michel and Devore, Edna and Doyle, Laurance R and Esquerdo, Gilbert A and Everett, Mark and Fressin, Francois and Geary, John C and Girouard, Forrest R and Gould, Alan and Hall, Jennifer R and Holman, Matthew J and Howard, Andrew W and Howell, Steve B and Ibrahim, Khadeejah A and Kinemuchi, Karen and Kjeldsen, Hans and Klaus, Todd C and Li, Jie and Lucas, Philip W and Meibom, S\o{}ren and Morris, Robert L and Pr{\v s}a, Andrej and Quintana, Elisa and Sanderfer, Dwight T and Sasselov, Dimitar and Seader, Shawn E and Smith, Jeffrey C and Steffen, Jason H and Still, Martin and Stumpe, Martin C and Tarter, Jill C and Tenenbaum, Peter and Torres, Guillermo and Twicken, Joseph D and Uddin, Kamal and Van Cleve, Jeffrey and Walkowicz, Lucianne and Welsh, William F},
	journal = {ApJS},
	number = {2},
	year = {2013},
	month = {2},
	pages = {24},
	publisher = {IOP Publishing},
	title = {PLANETARY {CANDIDATES} {OBSERVED} {BY} {KEPLER}. {III}. {ANALYSIS} {OF} {THE} {FIRST} 16 {MONTHS} {OF} {DATA}},
	volume = {204},
}


@article{Gunther2019-ql,
	author = {G{\" u}nther, Maximilian N and Pozuelos, Francisco J and Dittmann, Jason A and Dragomir, Diana and Kane, Stephen R and Daylan, Tansu and Feinstein, Adina D and Huang, Chelsea X and Morton, Timothy D and Bonfanti, Andrea and Bouma, L G and Burt, Jennifer and Collins, Karen A and Lissauer, Jack J and Matthews, Elisabeth and Montet, Benjamin T and Vanderburg, Andrew and Wang, Songhu and Winters, Jennifer G and Ricker, George R and Vanderspek, Roland K and Latham, David W and Seager, Sara and Winn, Joshua N and Jenkins, Jon M and Armstrong, James D and Barkaoui, Khalid and Batalha, Natalie and Bean, Jacob L and Caldwell, Douglas A and Ciardi, David R and Collins, Kevin I and Crossfield, Ian and Fausnaugh, Michael and Furesz, Gabor and Gan, Tianjun and Gillon, Micha{\" e}l and Guerrero, Natalia and Horne, Keith and Howell, Steve B and Ireland, Michael and Isopi, Giovanni and Jehin, Emmanu{\" e}l and Kielkopf, John F and Lepine, Sebastien and Mallia, Franco and Matson, Rachel A and Myers, Gordon and Palle, Enric and Quinn, Samuel N and Relles, Howard M and Rojas-Ayala, B{\' a}rbara and Schlieder, Joshua and Sefako, Ramotholo and Shporer, Avi and Su{\' a}rez, Juan C and Tan, Thiam-Guan and Ting, Eric B and Twicken, Jose and Waite, Ian A},
	journal = {Nature Astronomy},
	year = {2019},
	month = {7},
	title = {A super-{Earth} and two sub-{Neptunes} transiting the nearby and quiet {M} dwarf {TOI}-270},
}


@article{Martin2016-gl,
	author = {Martin, Rebecca G and Livio, Mario},
	journal = {arXiv [astro-ph.EP]},
	year = {2016},
	month = {3},
	title = {On the {Formation} of {Super}-{Earths} with {Implications} for the {Solar} {System}},
}


@article{Cloutier2015-hn,
	author = {Cloutier, Ryan and Tamayo, Daniel and Valencia, Diana},
	journal = {ApJ},
	number = {1},
	year = {2015},
	month = {10},
	pages = {8},
	publisher = {IOP Publishing},
	title = {COULD {JUPITER} {OR} {SATURN} {HAVE} {EJECTED} {A} {FIFTH} {GIANT} {PLANET}?},
	volume = {813},
}


@article{Tsiaras2019-ly,
	author = {Tsiaras, Angelos and Waldmann, Ingo P and Tinetti, Giovanna and Tennyson, Jonathan and Yurchenko, Sergey N},
	journal = {Nature Astronomy},
	year = {2019},
	month = {9},
	title = {Water vapour in the atmosphere of the habitable-zone eight-{Earth}-mass planet {K2}-18 b},
}


@article{Valencia2013-ed,
	author = {Valencia, Diana and Guillot, Tristan and Parmentier, Vivien and Freedman, Richard S},
	journal = {ApJ},
	number = {1},
	year = {2013},
	month = {8},
	pages = {10},
	publisher = {IOP Publishing},
	title = {BULK {COMPOSITION} {OF} {GJ} 1214b {AND} {OTHER} {SUB}-{NEPTUNE} {EXOPLANETS}},
	volume = {775},
}


@article{Beichman2016-wp,
	author = {Beichman, Charles and Benneke, Bjoern and Knutson, Heather and Smith, Roger and Lagage, Pierre-Olivier and Dressing, Courtney and Latham, David and Lunine, Jonathan and Birkmann, Stephan and Ferruit, Pierre and Giardino, Giovanna and Kempton, Eliza and Carey, Sean and Krick, Jessica and Deroo, Pieter D and Mandell, Avi and Ressler, Michael E and Shporer, Avi and Swain, Mark and Vasisht, Gautam and Ricker, George and Bouwman, Jeroen and Crossfield, Ian and Greene, Tom and Howell, Steve and Christiansen, Jessie and Ciardi, David and Clampin, Mark and Greenhouse, Matt and Sozzetti, Alessandro and Goudfrooij, Paul and Hines, Dean and Keyes, Tony and Lee, Janice and McCullough, Peter and Robberto, Massimo and Stansberry, John and Valenti, Jeff and Rieke, Marcia and Rieke, George and Fortney, Jonathan and Bean, Jacob and Kreidberg, Laura and Ehrenreich, David and Deming, Drake and Albert, Lo{\" i}c and Doyon, Ren{\' e} and Sing, David},
	journal = {PASP},
	number = {946},
	year = {2016},
	month = {1},
	pages = {1134},
	publisher = {IOP Publishing},
	title = {Observations of {Transiting} {Exoplanets} with the {James} {Webb} {Space} {Telescope} ({JWST})},
	volume = {126},
}


@article{Rogers2009-jw,
	author = {Rogers, L A and Seager, S},
	journal = {arXiv [astro-ph.EP]},
	year = {2009},
	month = {12},
	title = {A {Framework} for {Quantifying} the {Degeneracies} of {Exoplanet} {Interior} {Compositions}},
}


@article{Dorn2017-gk,
	author = {Dorn, C and Venturini, J and Khan, A and Heng, K and Alibert, Y and Helled, R and Rivoldini, A and Benz, W},
	journal = {arXiv [astro-ph.IM]},
	year = {2017},
	month = {1},
	title = {A generalized bayesian inference method for constraining the interiors of super {Earths} and sub-{Neptunes}},
}


@article{Dorn2017-gv,
	author = {Dorn, C and Hinkel, N R and Venturini, J},
	journal = {arXiv [astro-ph.EP]},
	year = {2017},
	month = {1},
	title = {Bayesian analysis of interiors of {HD} 219134b, {Kepler}-10b, {Kepler}-93b, {CoRoT}-7b, 55 {Cnc} e, and {HD} 97658b using stellar abundance proxies},
}


@article{Weiss2014-wk,
	author = {Weiss, Lauren M and Marcy, Geoffrey W},
	journal = {ApJL},
	number = {1},
	year = {2014},
	month = {2},
	pages = {L6},
	publisher = {IOP Publishing},
	title = {THE {MASS}-{RADIUS} {RELATION} {FOR} 65 {EXOPLANETS} {SMALLER} {THAN} 4 {EARTH} {RADII}},
	volume = {783},
}


@article{Wolfgang2015-ko,
	author = {Wolfgang, Angie and Lopez, Eric},
	journal = {Astrophys. J.},
	number = {2},
	year = {2015},
	pages = {183},
	publisher = {IOP Publishing},
	title = {How rocky are they? {The} composition distribution of {Kepler}\textquoteright{}s sub-{Neptune} planet candidates within 0.15 {AU}},
	volume = {806},
}


@misc{Heasarc2017-ht,
	author = {{HEASARC}},
	year = {2017},
	title = {SAO {Star} {Catalog}},
}


@article{Valencia2007-ae,
	author = {Valencia, Diana and O\textquoteright{}Connell, Richard J and Sasselov, Dimitar D},
	journal = {ApJ},
	number = {1},
	year = {2007},
	month = {10},
	pages = {L45},
	publisher = {IOP Publishing},
	title = {Inevitability of {Plate} {Tectonics} on {Super}-{Earths}},
	volume = {670},
}


@article{Valencia2009-ia,
	author = {Valencia, Diana and O'Connell, Richard J},
	journal = {Earth Planet. Sci. Lett.},
	number = {3--4},
	year = {2009},
	month = {9},
	pages = {492--502},
	publisher = {Elsevier B.V.},
	title = {Convection scaling and subduction on {Earth} and super-{Earths}},
	volume = {286},
}


@article{Korenaga2010-kc,
	author = {Korenaga, Jun},
	journal = {ApJL},
	number = {1},
	year = {2010},
	month = {11},
	pages = {L43},
	publisher = {IOP Publishing},
	title = {ON {THE} {LIKELIHOOD} {OF} {PLATE} {TECTONICS} {ON} {SUPER}-{EARTHS}: DOES {SIZE} {MATTER}?},
	volume = {725},
}


@article{Van_Heck2011-lj,
	author = {van Heck, H J and Tackley, P J},
	journal = {Earth Planet. Sci. Lett.},
	number = {3--4},
	year = {2011},
	month = {10},
	pages = {252--261},
	title = {Plate tectonics on super-{Earths}: Equally or more likely than on {Earth}},
	volume = {310},
}


@article{Foley2012-jc,
	author = {Foley, Bradford J and Bercovici, David and Landuyt, William},
	journal = {Earth Planet. Sci. Lett.},
	year = {2012},
	month = {5},
	pages = {281--290},
	title = {The conditions for plate tectonics on super-{Earths}: Inferences from convection models with damage},
	volume = {331-332},
}


@article{ONeill2007-lk,
	author = {O'Neill, C and Lenardic, A},
	journal = {Geophys. Res. Lett.},
	number = {19},
	year = {2007},
	month = {10},
	pages = {437},
	title = {Geological consequences of super-sized {Earths}},
	volume = {34},
}


@article{ORourke2012-ax,
	author = {O'Rourke, Joseph G and Korenaga, Jun},
	journal = {Icarus},
	number = {2},
	year = {2012},
	month = {10},
	publisher = {Icarus},
	title = {Terrestrial {Planet} {Evolution} in the {Stagnant}-{Lid} {Regime}: Size {Effects} and the {Formation} of {Self}-{Destabilizing} {Crust}},
	volume = {221},
}


@article{Stamenkovic2012-kh,
	author = {Stamenkovi{\' c}, Vlada and Noack, Lena and Breuer, Doris and Spohn, Tilman},
	journal = {ApJ},
	number = {1},
	year = {2012},
	month = {3},
	pages = {41},
	publisher = {IOP Publishing},
	title = {THE {INFLUENCE} {OF} {PRESSURE}-{DEPENDENT} {VISCOSITY} {ON} {THE} {THERMAL} {EVOLUTION} {OF} {SUPER}-{EARTHS}},
	volume = {748},
}


@article{Stein2013-wy,
	author = {Stein, C and Lowman, J P and Hansen, U},
	journal = {Earth Planet. Sci. Lett.},
	year = {2013},
	month = {1},
	pages = {448--459},
	title = {The influence of mantle internal heating on lithospheric mobility: Implications for super-{Earths}},
	volume = {361},
}


@article{Karato2014-mw,
	author = {Karato, Shun-Ichiro},
	journal = {Tectonophysics},
	year = {2014},
	month = {9},
	pages = {4--13},
	title = {Some remarks on the models of plate tectonics on terrestrial planets: From the view-point of mineral physics},
	volume = {631},
}


@article{Stamenkovic2016-rt,
	author = {Stamenkovi{\' c}, Vlada and Seager, Sara},
	journal = {ApJ},
	number = {1},
	year = {2016},
	month = {7},
	pages = {78},
	publisher = {IOP Publishing},
	title = {EMERGING {POSSIBILITIES} {AND} {INSUPERABLE} {LIMITATIONS} {OF} {EXOGEOPHYSICS}: THE {EXAMPLE} {OF} {PLATE} {TECTONICS}},
	volume = {825},
}


@article{Kameyama2018-zl,
	author = {Kameyama, Masanori and Yamamoto, Mayumi},
	journal = {Phys. Earth Planet. Inter.},
	year = {2018},
	month = {1},
	pages = {23--36},
	title = {Numerical experiments on thermal convection of highly compressible fluids with variable viscosity and thermal conductivity: Implications for mantle convection of super-{Earths}},
	volume = {274},
}


@book{Lutgens2012-aa,
	author = {Lutgens, Frederick K and Tarbuck, Edward J},
	edition = {11th ed.},
	year = {2012},
	publisher = {Prentice Hall},
	title = {Essentials of geology},
}


@article{Van_Der_Linden1985-gm,
	author = {Van Der Linden, Willem J M},
	journal = {Tectonophysics},
	number = {1},
	year = {1985},
	month = {1},
	pages = {167--170},
	publisher = {Elsevier B.V.},
	title = {Orogeny: J.{G}. {Dennis} ({Editor}). {Benchmark} {Papers} in {Geology} 62. {Hutchinson} {Ross} {Publ}. {Cy}, {Stroudsburg}, {Pa}., 1982, {XV} + 379 pp., {US} \textdollar{} 46.00, hardcover},
	volume = {111},
}


@book{Kearey2009-vq,
	author = {Kearey, P and Klepeis, Keith A and Vine, F J},
	edition = {3rd ed.},
	year = {2009},
	publisher = {Wiley-Blackwell},
	title = {Global tectonics},
}


@article{Coltice2012-si,
	author = {Coltice, N and Rolf, T and Tackley, P J and Labrosse, S},
	journal = {Science},
	number = {6079},
	year = {2012},
	month = {4},
	pages = {335--338},
	title = {Dynamic causes of the relation between area and age of the ocean floor},
	volume = {336},
}


@book{Wegener1924-pv,
	author = {Wegener, Alfred},
	year = {1924},
	publisher = {Methuen},
	title = {The origin of continents and oceans},
}


@book{Turcotte2014-by,
	author = {Turcotte, Donald and Schubert, Gerald},
	year = {2014},
	month = {4},
	publisher = {Cambridge University Press},
	title = {Geodynamics},
}


@book{Aristotle1939-dg,
	author = {{Aristotle} and Guthrie, W K C},
	year = {1939},
	publisher = {Harvard University Press ; Heinemann},
	title = {On the heavens},
}


@article{Macdonald1998-az,
	author = {Macdonald, Ken C},
	journal = {Oceanus},
	number = {1},
	year = {1998},
	pages = {2},
	publisher = {Woods Hole Oceanographic Institution},
	title = {Exploring the global mid-ocean ridge: a quarter-century of discovery},
}


@article{Bennett2008-hw,
	author = {Bennett, William B and Wang, Jingfeng and Bras, Rafael L},
	journal = {J. Hydrometeorol.},
	number = {4},
	year = {2008},
	month = {8},
	pages = {744--759},
	publisher = {American Meteorological Society},
	title = {Estimation of {Global} {Ground} {Heat} {Flux}},
	volume = {9},
}


@article{Forsyth1975-jh,
	author = {Forsyth, Donald and Uyeda, Seiya},
	journal = {Geophys. J. Int.},
	number = {1},
	year = {1975},
	month = {10},
	pages = {163--200},
	publisher = {Narnia},
	title = {On the {Relative} {Importance} of the {Driving} {Forces} of {Plate} {Motion}},
	volume = {43},
}


@article{ONeill2009-ft,
	author = {O'Neill, C and Lenardic, A and Jellinek, A M and Moresi, L},
	journal = {Gondwana Res.},
	number = {3},
	year = {2009},
	month = {6},
	pages = {276--287},
	title = {Influence of supercontinents on deep mantle flow},
	volume = {15},
}


@article{Zhong2007-wu,
	author = {Zhong, Shijie and Zhang, Nan and Li, Zheng-Xiang and Roberts, James H},
	journal = {Earth Planet. Sci. Lett.},
	year = {2007},
	pages = {551},
	title = {Supercontinent cycles, true polar wander, and very long-wavelength mantle convection},
	volume = {261},
}


@article{Zhong2016-bm,
	author = {Zhong, Shijie and Liu, Xi},
	journal = {Gondwana Res.},
	number = {1},
	year = {2016},
	pages = {83--104},
	title = {The long-wavelength mantle structure and dynamics and implications for large-scale tectonics and volcanism in the {Phanerozoic}},
	volume = {29},
}


@article{Torsvik2006-mg,
	author = {Torsvik, Trond H and Smethurst, Mark A and Burke, Kevin and Steinberger, Bernhard},
	journal = {Geophys. J. Int.},
	number = {3},
	year = {2006},
	month = {12},
	pages = {1447--1460},
	publisher = {Narnia},
	title = {Large igneous provinces generated from the margins of the large low-velocity provinces in the deep mantle},
	volume = {167},
}


@article{Conrad2013-ev,
	author = {Conrad, Clinton P and Steinberger, Bernhard and Torsvik, Trond H},
	journal = {Nature},
	number = {7455},
	year = {2013},
	month = {6},
	pages = {479--482},
	title = {Stability of active mantle upwelling revealed by net characteristics of plate tectonics},
	volume = {498},
}


@article{Arnould2018-ci,
	author = {Arnould, M and Coltice, N and Flament, N and Seigneur, V and M{\" u}ller, R D},
	journal = {Geochem. Geophys. Geosyst.},
	year = {2018},
	month = {9},
	pages = {883},
	title = {On the {Scales} of {Dynamic} {Topography} in {Whole}-{Mantle} {Convection} {Models}},
	volume = {37},
}


@article{Zhao2009-zo,
	author = {Zhao, Dapeng},
	journal = {Gondwana Res.},
	number = {3},
	year = {2009},
	month = {1},
	pages = {297--323},
	publisher = {Elsevier B.V.},
	title = {Multiscale seismic tomography and mantle dynamics},
	volume = {15},
}


@article{Tanimoto2000-dw,
	author = {Tanimoto, T and Lay, T},
	journal = {Proc. Natl. Acad. Sci. U. S. A.},
	number = {23},
	year = {2000},
	month = {11},
	pages = {12409--12410},
	title = {Mantle dynamics and seismic tomography},
	volume = {97},
}


@article{Cizkova2019-tq,
	author = {{\v C}{\' i}{\v z}kov{\' a}, Hana and Bina, Craig R},
	journal = {Earth Planet. Sci. Lett.},
	year = {2019},
	month = {3},
	pages = {88--99},
	publisher = {Elsevier B.V.},
	title = {Linked influences on slab stagnation: Interplay between lower mantle viscosity structure, phase transitions, and plate coupling},
	volume = {509},
}


@misc{Beall2017-jr,
	author = {Beall, Adam P and Moresi, Louis and Stern, Tim},
	year = {2017},
	month = {8},
	pages = {671--692},
	title = {Dripping or delamination? {A} range of mechanisms for removing the lower crust or lithosphere},
	volume = {210},
}


@article{Lithgow-Bertelloni1998-or,
	author = {Lithgow-Bertelloni, Carolina and Silver, Paul G},
	journal = {Nature},
	year = {1998},
	month = {9},
	pages = {269--272},
	title = {Dynamic topography, plate driving forces and the {African} superswell},
	volume = {395},
}


@article{Melt1998-yg,
	author = {{MELT}},
	journal = {Science},
	number = {5367},
	year = {1998},
	month = {5},
	pages = {1215--1218},
	title = {Imaging the deep seismic structure beneath a mid-ocean ridge: the {MELT} experiment},
	volume = {280},
}


@article{Urey1955-zs,
	author = {Urey, H C},
	journal = {Proc. Natl. Acad. Sci. U. S. A.},
	number = {3},
	year = {1955},
	month = {3},
	pages = {127--144},
	title = {THE {COSMIC} {ABUNDANCES} {OF} {POTASSIUM}, {URANIUM}, {AND} {THORIUM} {AND} {THE} {HEAT} {BALANCES} {OF} {THE} {EARTH}, {THE} {MOON}, {AND} {MARS}},
	volume = {41},
}


@article{Gando2011-sh,
	author = {Gando, A and Gando, Y and Ichimura, K and Ikeda, H and Inoue, K and Kibe, Y and Kishimoto, Y and Koga, M and Minekawa, Y and Mitsui, T and Morikawa, T and Nagai, N and Nakajima, K and Nakamura, K and Narita, K and Shimizu, I and Shimizu, Y and Shirai, J and Suekane, F and Suzuki, A and Takahashi, H and Takahashi, N and Takemoto, Y and Tamae, K and Watanabe, H and Xu, B D and Yabumoto, H and Yoshida, H and Yoshida, S and Enomoto, S and Kozlov, A and Murayama, H and Grant, C and Keefer, G and Piepke, A and Banks, T I and Bloxham, T and Detwiler, J A and Freedman, S J and Fujikawa, B K and Han, K and Kadel, R and O\textquoteright{}Donnell, T and Steiner, H M and Dwyer, D A and McKeown, R D and Zhang, C and Berger, B E and Lane, C E and Maricic, J and Miletic, T and Batygov, M and Learned, J G and Matsuno, S and Sakai, M and Horton-Smith, G A and Downum, K E and Gratta, G and Tolich, K and Efremenko, Y and Perevozchikov, O and Karwowski, H J and Markoff, D M and Tornow, W and Heeger, K M and Decowski, M P and {The KamLAND Collaboration}},
	journal = {Nat. Geosci.},
	number = {9},
	year = {2011},
	month = {9},
	pages = {647--651},
	title = {Partial radiogenic heat model for {Earth} revealed by geoneutrino measurements},
	volume = {4},
}


@article{Mareschal2012-ie,
	author = {Mareschal, Jean-Claude and Jaupart, Claude and Phaneuf, Catherine and Perry, Claire},
	journal = {J. Geodyn.},
	year = {2012},
	month = {3},
	pages = {43--54},
	title = {Geoneutrinos and the energy budget of the {Earth}},
	volume = {54},
}


@article{Huang2013-eu,
	author = {Huang, Yu and Chubakov, Viacheslav and Mantovani, Fabio and Rudnick, Roberta L and McDonough, William F},
	journal = {Geochem. Geophys. Geosyst.},
	number = {6},
	year = {2013},
	month = {6},
	pages = {2003--2029},
	title = {A reference {Earth} model for the heat-producing elements and associated geoneutrino flux: EARTH {MODEL} {HPE} {GEONEUTRINO}},
	volume = {14},
}


@article{Machulin2015-pj,
	author = {Machulin, I N and Collaboration, Borexino},
	journal = {Phys. At. Nucl.},
	number = {14},
	year = {2015},
	month = {12},
	pages = {1613--1616},
	publisher = {Pleiades Publishing},
	title = {Geoneutrinos},
	volume = {78},
}


@article{Korenaga2011-ow,
	author = {Korenaga, Jun},
	journal = {Nat. Geosci.},
	year = {2011},
	month = {8},
	pages = {581},
	publisher = {Nature Publishing Group, a division of Macmillan Publishers Limited. All Rights Reserved.},
	title = {Clairvoyant geoneutrinos},
	volume = {4},
}


@article{Weller2016-cc,
	author = {Weller, Matthew B and Lenardic, Adrian},
	journal = {Geophys. Res. Lett.},
	number = {18},
	year = {2016},
	month = {9},
	pages = {9469--9474},
	publisher = {American Geophysical Union (AGU)},
	title = {The energetics and convective vigor of mixed-mode heating: Velocity scalings and implications for the tectonics of exoplanets},
	volume = {43},
}


@article{Wolstencroft2009-bz,
	author = {Wolstencroft, M and Davies, J H and Davies, D R},
	journal = {Phys. Earth Planet. Inter.},
	number = {1},
	year = {2009},
	month = {9},
	pages = {132--141},
	title = {Nusselt--{Rayleigh} number scaling for spherical shell {Earth} mantle simulation up to a {Rayleigh} number of 109},
	volume = {176},
}


@article{Moresi2007-dg,
	author = {Moresi, L and Quenette, S and Lemiale, V and M{\' e}riaux, C and Appelbe, B and M{\" u}hlhaus, H-B},
	journal = {Phys. Earth Planet. Inter.},
	number = {1},
	year = {2007},
	month = {8},
	pages = {69--82},
	title = {Computational approaches to studying non-linear dynamics of the crust and mantle},
	volume = {163},
}


@article{Grigne2005-nu,
	author = {Grign{\' e}, C and Labrosse, S and Tackley, P J},
	journal = {J. Geophys. Res.},
	number = {B3},
	year = {2005},
	month = {3},
	pages = {B03409},
	title = {Convective heat transfer as a function of wavelength: Implications for the cooling of the {Earth}},
	volume = {110},
}


@article{Korenaga2008-js,
	author = {Korenaga, Jun},
	journal = {Rev. Geophys.},
	number = {2},
	year = {2008},
	month = {6},
	pages = {11},
	title = {Urey ratio and the structure and evolution of {Earth}'s mantle},
	volume = {46},
}


@article{Gurnis1988-ks,
	author = {Gurnis, Michael},
	journal = {Nature},
	number = {6166},
	year = {1988},
	month = {4},
	pages = {695--699},
	title = {Large-scale mantle convection and the aggregation and dispersal of supercontinents},
	volume = {332},
}


@article{Anderson1982-dz,
	author = {Anderson, Don L},
	journal = {Nature},
	number = {5865},
	year = {1982},
	month = {6},
	pages = {391--393},
	title = {Hotspots, polar wander, {Mesozoic} convection and the geoid},
	volume = {297},
}


@article{Brandl2013-ta,
	author = {Brandl, Philipp A and Regelous, Marcel and Beier, Christoph and Haase, Karsten M},
	journal = {Nat. Geosci.},
	year = {2013},
	month = {3},
	pages = {391},
	publisher = {Nature Publishing Group},
	title = {High mantle temperatures following rifting caused by continental insulation},
	volume = {6},
}


@article{Yoshida2018-fm,
	author = {Yoshida, Masaki and Santosh, M},
	journal = {Geoscience Frontiers},
	number = {5},
	year = {2018},
	month = {9},
	pages = {1279--1292},
	title = {Voyage of the {Indian} subcontinent since {Pangea} breakup and driving force of supercontinent cycles: Insights on dynamics from numerical modeling},
	volume = {9},
}


@article{Heron2011-kq,
	author = {Heron, Philip J and Lowman, Julian P},
	journal = {Tectonophysics},
	number = {1},
	year = {2011},
	month = {1},
	pages = {28--38},
	publisher = {Elsevier B.V.},
	title = {The effects of supercontinent size and thermal insulation on the formation of mantle plumes},
	volume = {510},
}


@article{Heron2014-zc,
	author = {Heron, Philip J and Lowman, Julian P},
	journal = {J. Geophys. Res. [Solid Earth]},
	number = {1},
	year = {2014},
	month = {1},
	pages = {711--733},
	title = {The impact of {Rayleigh} number on assessing the significance of supercontinent insulation: HERON {AND} {LOWMAN}},
	volume = {119},
}


@article{Cooper2006-cp,
	author = {Cooper, C M and Lenardic, A and Moresi, L},
	journal = {Geophys. Res. Lett.},
	number = {13},
	year = {2006},
	pages = {4741},
	title = {Effects of continental insulation and the partitioning of heat producing elements on the {Earth}'s heat loss},
	volume = {33},
}


@article{Lenardic2005-wn,
	author = {Lenardic, A and Moresi, L-N and Jellinek, A M and Manga, M},
	journal = {Earth Planet. Sci. Lett.},
	number = {3--4},
	year = {2005},
	month = {6},
	pages = {317--333},
	title = {Continental insulation, mantle cooling, and the surface area of oceans and continents},
	volume = {234},
}


@article{Conrad2001-ok,
	author = {Conrad, Clinton P and Hager, Bradford H},
	journal = {Geophys. J. Int.},
	number = {2},
	year = {2001},
	month = {2},
	pages = {271--288},
	publisher = {Narnia},
	title = {Mantle convection with strong subduction zones},
	volume = {144},
}


@article{Lenardic2011-rm,
	author = {Lenardic, A and Cooper, C M and Moresi, L},
	journal = {Phys. Earth Planet. Inter.},
	number = {1},
	year = {2011},
	month = {9},
	pages = {127--130},
	title = {A note on continents and the {Earth}\textquoteright{}s {Urey} ratio},
	volume = {188},
}


@article{Hyde1990-zc,
	author = {Hyde, William T and Kim, Kwang-Yul and Crowley, Thomas J and North, Gerald R},
	series = {NASA {Spec}. {Publ}.},
	journal = {J. Geophys. Res.},
	number = {D11},
	year = {1990},
	pages = {18653},
	publisher = {Wiley Online Library},
	title = {On the relation between polar continentality and climate: Studies with a nonlinear seasonal energy balance model},
	volume = {95},
}


@article{Raymo1992-qk,
	author = {Raymo, M E and Ruddiman, W F},
	journal = {Nature},
	number = {6391},
	year = {1992},
	month = {9},
	pages = {117--122},
	title = {Tectonic forcing of late {Cenozoic} climate},
	volume = {359},
}


@inbook{Berner1997-km,
	address = {Boston, MA},
	author = {Berner, Robert A and Berner, Elizabeth K},
	booktitle = {Tectonic {Uplift} and {Climate} {Change}},
	editor = {Ruddiman, William F},
	year = {1997},
	pages = {353--365},
	publisher = {Springer US},
	title = {Silicate {Weathering} and {Climate}},
}


@article{Marshall1988-sm,
	author = {Marshall, H G and Walker, J C and Kuhn, W R},
	journal = {J. Geophys. Res.},
	number = {D1},
	year = {1988},
	month = {1},
	pages = {791--801},
	title = {Long-term climate change and the geochemical cycle of carbon},
	volume = {93},
}


@article{Birchfield1983-ui,
	author = {Birchfield, G E and Wertman, J},
	journal = {Science},
	number = {4582},
	year = {1983},
	month = {1},
	pages = {284--285},
	title = {Topography, albedo-temperature feedback, and climate sensitivity},
	volume = {219},
}


@article{Stolar2006-qi,
	author = {Stolar, Drew B and Willett, Sean D and Roe, Gerard H},
	journal = {SPECIAL PAPERS-GEOLOGICAL SOCIETY OF AMERICA},
	year = {2006},
	pages = {241},
	publisher = {Boulder, Colo.; Geological Society of America; 1999},
	title = {Climatic and tectonic forcing of a critical orogen},
	volume = {398},
}


@article{Weller2015-ci,
	author = {Weller, M B and Lenardic, A and O'Neill, C},
	journal = {Earth Planet. Sci. Lett.},
	year = {2015},
	month = {6},
	pages = {85--94},
	publisher = {Elsevier B.V.},
	title = {The effects of internal heating and large scale climate variations on tectonic bi-stability in terrestrial planets},
	volume = {420},
}


@article{Behr2018-yf,
	author = {Behr, Whitney M and Becker, Thorsten W},
	journal = {Earth Planet. Sci. Lett.},
	year = {2018},
	month = {11},
	pages = {166--173},
	publisher = {Elsevier},
	title = {Sediment control on subduction plate speeds},
	volume = {502},
}


@article{Sobolev2019-rg,
	author = {Sobolev, Stephan V and Brown, Michael},
	journal = {Nature},
	number = {7759},
	year = {2019},
	month = {6},
	pages = {52--57},
	title = {Surface erosion events controlled the evolution of plate tectonics on {Earth}},
	volume = {570},
}


@article{Lenardic2008-ic,
	author = {Lenardic, A and Jellinek, A M and Moresi, L},
	journal = {Earth Planet. Sci. Lett.},
	year = {2008},
	pages = {34--42},
	title = {A climate induced transition in the tectonic style of a terrestrial planet},
	volume = {271},
}


@article{Lenardic2016-ue,
	author = {Lenardic, A and Jellinek, A M and Foley, B and O'Neill, C and Moore, W B},
	journal = {J. Geophys. Res. Planets},
	number = {10},
	year = {2016},
	month = {10},
	pages = {1831--1864},
	title = {Climate-tectonic coupling: Variations in the mean, variations about the mean, and variations in mode: TECTONIC-{CLIMATE} {COUPLING}},
	volume = {121},
}


@article{Zerkle2018-ui,
	author = {Zerkle, Aubrey L},
	journal = {Philos. Trans. A Math. Phys. Eng. Sci.},
	number = {2132},
	year = {2018},
	month = {10},
	title = {Biogeodynamics: bridging the gap between surface and deep {Earth} processes},
	volume = {376},
}


@article{Foley2015-cw,
	author = {Foley, Bradford J},
	journal = {ApJ},
	number = {1},
	year = {2015},
	month = {10},
	pages = {36},
	publisher = {IOP Publishing},
	title = {THE {ROLE} {OF} {PLATE} {TECTONIC}--{CLIMATE} {COUPLING} {AND} {EXPOSED} {LAND} {AREA} {IN} {THE} {DEVELOPMENT} {OF} {HABITABLE} {CLIMATES} {ON} {ROCKY} {PLANETS}},
	volume = {812},
}


@article{Moresi1995-rn,
	author = {Moresi, L N and Solomatov, V S},
	journal = {Phys. Fluids},
	number = {9},
	year = {1995},
	month = {9},
	title = {Numerical investigation of 2D convection with extremely large viscosity variations},
	volume = {7},
}


@article{Bercovici1993-tk,
	author = {Bercovici, David},
	journal = {Geophys. J. Int.},
	number = {3},
	year = {1993},
	month = {9},
	pages = {635--650},
	publisher = {Narnia},
	title = {A simple model of plate generation from mantle flow},
	volume = {114},
}


@article{Solomatov1995-is,
	author = {Solomatov, V S},
	journal = {Phys. Fluids},
	number = {2},
	year = {1995},
	month = {2},
	pages = {266--274},
	publisher = {American Institute of Physics},
	title = {Scaling of temperature and stressdependent viscosity convection},
	volume = {7},
}


@article{Bercovici1995-yf,
	author = {Bercovici, David},
	journal = {J. Geophys. Res. [Solid Earth]},
	number = {B2},
	year = {1995},
	pages = {2013--2030},
	publisher = {Wiley Online Library},
	title = {A source-sink model of the generation of plate tectonics from non-{Newtonian} mantle flow},
	volume = {100},
}


@article{Zhong1998-qg,
	author = {Zhong, Shijie and Gurnis, Michael and Moresi, Louis},
	journal = {J. Geophys. Res.},
	number = {B7},
	year = {1998},
	month = {7},
	pages = {15255--15268},
	publisher = {Wiley Online Library},
	title = {Role of faults, nonlinear rheology, and viscosity structure in generating plates from instantaneous mantle flow models},
	volume = {103},
}


@article{Moresi1998-az,
	author = {Moresi, Louis and Solomatov, Viatcheslav},
	journal = {Geophys. J. Int.},
	year = {1998},
	pages = {669--682},
	title = {Mantle convection with a brittle lithosphere: thoughts on the global tectonic styles of the {Earth} and {Venus}},
	volume = {133},
}


@article{Turcotte1999-ne,
	author = {Turcotte, D L and Morein, G and Roberts, D and Malamud, B D},
	journal = {Icarus},
	year = {1999},
	pages = {49--54},
	title = {Catastrophic {Resurfacing} and {Episodic} {Subduction} on {Venus}},
	volume = {139},
}


@article{Huang2013-lc,
	author = {Huang, Jinshui and Yang, An and Zhong, Shijie},
	journal = {Earth Planet. Sci. Lett.},
	year = {2013},
	month = {1},
	pages = {207--214},
	publisher = {Elsevier},
	title = {Constraints of the topography, gravity and volcanism on {Venusian} mantle dynamics and generation of plate tectonics},
	volume = {362},
}


@article{Blankenbach1989-li,
	author = {Blankenbach, B and Busse, F and Christensen, U and Cserepes, L and Gunkel, D and Hansen, U and Harder, H and Jarvis, G and Koch, M and Marquart, G and Moore, D and Olson, P and Schmeling, H and Schnaubelt, T},
	journal = {Geophys. J. Int.},
	number = {1},
	year = {1989},
	month = {7},
	pages = {23--38},
	publisher = {Blackwell Publishing Ltd},
	title = {A benchmark comparison for mantle convection codes},
	volume = {98},
}


@article{Debaille2013-df,
	author = {Debaille, Vinciane and O'Neill, Craig and Brandon, Alan D and Haenecour, Pierre and Yin, Qing-Zhu and Mattielli, Nadine and Treiman, Allan H},
	journal = {Earth Planet. Sci. Lett.},
	year = {2013},
	month = {7},
	pages = {83--92},
	title = {Stagnant-lid tectonics in early {Earth} revealed by 142Nd variations in late {Archean} rocks},
	volume = {373},
}


@article{ONeill2014-vk,
	author = {O'Neill, C and Debaille, V},
	journal = {Earth Planet. Sci. Lett.},
	year = {2014},
	month = {11},
	pages = {49--58},
	title = {The evolution of {Hadean}--{Eoarchaean} geodynamics},
	volume = {406},
}


@article{Davaille1993-hv,
	author = {Davaille, Anne and Jaupart, Claude},
	journal = {J. Fluid Mech.},
	year = {1993},
	month = {8},
	pages = {141--166},
	publisher = {Cambridge University Press},
	title = {Transient high-{Rayleigh}-number thermal convection with large viscosity variations},
	volume = {253},
}


@article{Driscoll2013-ex,
	author = {Driscoll, P and Bercovici, D},
	journal = {Icarus},
	number = {2},
	year = {2013},
	month = {11},
	pages = {1447--1464},
	title = {Divergent evolution of {Earth} and {Venus}: Influence of degassing, tectonics, and magnetic fields},
	volume = {226},
}


@article{Andrault2011-sz,
	author = {Andrault, Denis and Bolfan-Casanova, Nathalie and Nigro, Giacomo Lo and Bouhifd, Mohamed A and Garbarino, Gaston and Mezouar, Mohamed},
	journal = {Earth Planet. Sci. Lett.},
	number = {1},
	year = {2011},
	month = {4},
	pages = {251--259},
	title = {Solidus and liquidus profiles of chondritic mantle: Implication for melting of the {Earth} across its history},
	volume = {304},
}


@article{Abe1993-pn,
	author = {Abe, Yutaka},
	journal = {Lithos},
	number = {3},
	year = {1993},
	month = {9},
	pages = {223--235},
	title = {Physical state of the very early {Earth}},
	volume = {30},
}


@article{Schaefer2018-hq,
	author = {Schaefer, Laura and Elkins-Tanton, Linda T},
	journal = {Philos. Trans. A Math. Phys. Eng. Sci.},
	number = {2132},
	year = {2018},
	month = {10},
	title = {Magma oceans as a critical stage in the tectonic development of rocky planets},
	volume = {376},
}


@article{Valley2005-sv,
	author = {Valley, John W},
	journal = {Sci. Am.},
	number = {4},
	year = {2005},
	month = {10},
	pages = {58--65},
	title = {A cool early {Earth}?},
	volume = {293},
}


@article{Kenny2016-pw,
	author = {Kenny, Gavin G and Whitehouse, Martin J and Kamber, Balz S},
	journal = {Geology},
	number = {6},
	year = {2016},
	month = {6},
	pages = {435--438},
	publisher = {GeoScienceWorld},
	title = {Differentiated impact melt sheets may be a potential source of {Hadean} detrital zircon},
	volume = {44},
}


@article{Warren1985-rw,
	author = {Warren, P H},
	journal = {Annu. Rev. Earth Planet. Sci.},
	year = {1985},
	publisher = {annualreviews.org},
	title = {The magma ocean concept and lunar evolution},
}


@article{Elkins_Tanton2002-ib,
	author = {Elkins Tanton, Linda T and Van Orman, James A and Hager, Bradford H and Grove, Timothy L},
	journal = {Earth Planet. Sci. Lett.},
	number = {3},
	year = {2002},
	month = {3},
	pages = {239--249},
	publisher = {Elsevier},
	title = {Re-examination of the lunar magma ocean cumulate overturn hypothesis: melting or mixing is required},
	volume = {196},
}


@article{Elardo2011-ou,
	author = {Elardo, Stephen M and Draper, David S and Shearer, Charles K},
	journal = {Geochim. Cosmochim. Acta},
	number = {11},
	year = {2011},
	month = {6},
	pages = {3024--3045},
	publisher = {Elsevier},
	title = {Lunar {Magma} {Ocean} crystallization revisited: Bulk composition, early cumulate mineralogy, and the source regions of the highlands {Mg}-suite},
	volume = {75},
}


@article{Elkins-Tanton2011-ao,
	author = {Elkins-Tanton, Linda T and Burgess, Seth and Yin, Qing-Zhu},
	journal = {Earth Planet. Sci. Lett.},
	number = {3},
	year = {2011},
	month = {4},
	pages = {326--336},
	title = {The lunar magma ocean: Reconciling the solidification process with lunar petrology and geochronology},
	volume = {304},
}


@article{Ogawa2018-kt,
	author = {Ogawa, Masaki},
	journal = {Planet. Space Sci.},
	year = {2018},
	month = {2},
	pages = {43--55},
	title = {The effects of magmatic redistribution of heat producing elements on the lunar mantle evolution inferred from numerical models that start from various initial states},
	volume = {151},
}


@inbook{Bercovici2000-on,
	author = {Bercovici, David and Ricard, Yanick and Richards, Mark A},
	booktitle = {The {History} and {Dynamics} of {Global} {Plate} {Motions}},
	year = {2000},
	pages = {5--46},
	publisher = {American Geophysical Union},
	title = {The {Relation} {Between} {Mantle} {Dynamics} and {Plate} {Tectonics}: A {Primer}},
}


@article{Foley2018-dy,
	author = {Foley, Bradford J},
	journal = {Philos. Trans. A Math. Phys. Eng. Sci.},
	number = {2132},
	year = {2018},
	month = {10},
	title = {The dependence of planetary tectonics on mantle thermal state: applications to early {Earth} evolution},
	volume = {376},
}


@inbook{Banerdt1992-ic,
	author = {Banerdt, W B and Golombek, Matthew P and Tanaka, Kenneth L},
	booktitle = {Mars},
	year = {1992},
	month = {1},
	pages = {249--297},
	title = {Stress and tectonics on {Mars}},
}


@article{Debaille2009-ns,
	author = {Debaille, V and Brandon, A D and O\textquoteright{}Neill, C and Yin, Q-Z and Jacobsen, B},
	journal = {Nat. Geosci.},
	number = {8},
	year = {2009},
	month = {8},
	pages = {548--552},
	title = {Early martian mantle overturn inferred from isotopic composition of nakhlite meteorites},
	volume = {2},
}


@article{Kiefer2003-at,
	author = {Kiefer, Walter S},
	journal = {Meteorit. Planet. Sci.},
	number = {12},
	year = {2003},
	month = {12},
	pages = {1815--1832},
	title = {Melting in the martian mantle: Shergottite formation and implications for present-day mantle convection on {Mars}},
	volume = {38},
}


@article{Van_Bemmelen1976-yx,
	author = {Van Bemmelen, R W},
	journal = {Tectonophysics},
	number = {3},
	year = {1976},
	month = {6},
	pages = {145--182},
	title = {Plate tectonics and the undation model: A comparison},
	volume = {32},
}


@inbook{Maruyama1994-pq,
	author = {Maruyama, Shigenori},
	booktitle = {Journal-{Geological} {Survey} of {Japan}},
	year = {1994},
	pages = {24--49},
	title = {Plume tectonics},
}


@inbook{Kumazawa1994-jl,
	author = {Kumazawa, Mineo and Maruyama, Shigenori},
	booktitle = {Journal-{Geological} {Society} of {Japan}},
	year = {1994},
	pages = {81--102},
	title = {Whole earth tectonics},
}


@article{Tsuchiya2013-kq,
	author = {Tsuchiya, Taku and Kawai, Kenji and Maruyama, Shigenori},
	journal = {Geoscience Frontiers},
	number = {3},
	year = {2013},
	pages = {341--347},
	publisher = {Elsevier Ltd},
	title = {Expanding-contracting {Earth}},
	volume = {4},
}


@article{Hill1992-dq,
	author = {Hill, R I and Campbell, I H and Davies, G F and Griffiths, R W},
	journal = {Science},
	number = {5054},
	year = {1992},
	month = {4},
	pages = {186--193},
	title = {Mantle plumes and continental tectonics},
	volume = {256},
}


@article{Burke1973-zb,
	author = {Burke, Kevin and Dewey, J F},
	journal = {J. Geol.},
	number = {4},
	year = {1973},
	month = {7},
	pages = {406--433},
	publisher = {The University of Chicago Press},
	title = {Plume-{Generated} {Triple} {Junctions}: Key {Indicators} in {Applying} {Plate} {Tectonics} to {Old} {Rocks}},
	volume = {81},
}


@article{Van_Kranendonk2010-vc,
	author = {Van Kranendonk, Martin J},
	journal = {Am. J. Sci.},
	number = {10},
	year = {2010},
	month = {12},
	pages = {1187--1209},
	title = {Two types of {Archean} continental crust: Plume and plate tectonics on early {Earth}},
	volume = {310},
}


@article{Hill1991-cq,
	author = {Hill, R I and Campbell, I H and Griffiths, R W},
	journal = {Explor. Geophys.},
	number = {1},
	year = {1991},
	pages = {185--188},
	publisher = {CSIRO PUBLISHING},
	title = {Plume tectonics and the development of stable continental crust},
	volume = {22},
}


@article{Walzer2017-mu,
	author = {Walzer, U and Hendel, R},
	journal = {Lithos},
	year = {2017},
	pages = {215--228},
	title = {Continental crust formation: Numerical modelling of chemical evolution and geological implications},
	volume = {278--281},
}


@article{Albarede1998-kx,
	author = {Albarede, Francis},
	journal = {ELSEVIER Tectonophysics},
	year = {1998},
	pages = {1--14},
	title = {The growth of continental crust},
	volume = {296},
}


@article{Condie2000-ta,
	author = {Condie, Kent C},
	journal = {Tectonophysics},
	number = {1--2},
	year = {2000},
	month = {7},
	pages = {153--162},
	title = {Episodic continental growth models: afterthoughts and extensions},
	volume = {322},
}


@article{Aulbach2012-bl,
	author = {Aulbach, Sonja},
	journal = {Lithos},
	year = {2012},
	month = {9},
	pages = {16--30},
	title = {Craton nucleation and formation of thick lithospheric roots},
	volume = {149},
}


@article{Fischer2016-uv,
	author = {Fischer, R and Gerya, T},
	journal = {J. Geodyn.},
	year = {2016},
	month = {10},
	pages = {198--214},
	publisher = {Elsevier Ltd},
	title = {Early {Earth} plume-lid tectonics: A high-resolution 3D numerical modelling approach},
	volume = {100},
}


@article{Gerya2015-ip,
	author = {Gerya, T V and Stern, R J and Baes, M and Sobolev, S V and Whattam, S A},
	journal = {Nature},
	number = {7577},
	year = {2015},
	month = {11},
	pages = {221--225},
	title = {Plate tectonics on the {Earth} triggered by plume-induced subduction initiation},
	volume = {527},
}


@article{Mason2010-ym,
	author = {Mason, W G and Moresi, L and Betts, P G and Miller, M S},
	journal = {Tectonophysics},
	number = {1--2},
	year = {2010},
	month = {3},
	pages = {71--79},
	publisher = {Elsevier B.V.},
	title = {Three-dimensional numerical models of the influence of a buoyant oceanic plateau on subduction zones},
	volume = {483},
}


@article{Rey2014-ra,
	author = {Rey, Patrice F and Coltice, Nicolas and Flament, Nicolas},
	journal = {Nature},
	number = {7518},
	year = {2014},
	month = {9},
	pages = {405--408},
	title = {Spreading continents kick-started plate tectonics},
	volume = {513},
}


@article{Mege1996-pv,
	author = {M{\` e}ge, Daniel and Masson, Philippe},
	journal = {Planet. Space Sci.},
	number = {12},
	year = {1996},
	month = {12},
	pages = {1499--1546},
	title = {A plume tectonics model for the {Tharsis} province, {Mars}},
	volume = {44},
}


@book{Ernst2001-dv,
	author = {Ernst, Richard E and Buchan, Kenneth L},
	year = {2001},
	month = {1},
	publisher = {Geological Society of America},
	title = {Mantle {Plumes}: Their {Identification} {Through} {Time}},
}


@inbook{Baker2007-nt,
	address = {Dordrecht},
	author = {Baker, Victor R and Maruyama, Shigenori and Dohm, James M},
	booktitle = {Superplumes: Beyond {Plate} {Tectonics}},
	editor = {Yuen, David A and Maruyama, Shigenori and Karato, Shun-Ichiro and Windley, Brian F},
	year = {2007},
	pages = {507--522},
	publisher = {Springer Netherlands},
	title = {Tharsis {Superplume} and the {Geological} {Evolution} of {Early} {Mars}},
}


@inbook{Dohm2007-am,
	address = {Dordrecht},
	author = {Dohm, James M and Baker, Victor R and Maruyama, Shigenori and Anderson, Robert C},
	booktitle = {Superplumes: Beyond {Plate} {Tectonics}},
	editor = {Yuen, David A and Maruyama, Shigenori and Karato, Shun-Ichiro and Windley, Brian F},
	year = {2007},
	pages = {523--536},
	publisher = {Springer Netherlands},
	title = {Traits and {Evolution} of the {Tharsis} {Superplume}, {Mars}},
}


@article{Hynek2011-zd,
	author = {Hynek, Brian M and Robbins, Stuart J and {\v S}r{\' a}mek, Ond{\v r}ej and Zhong, Shijie J},
	journal = {Earth Planet. Sci. Lett.},
	number = {3},
	year = {2011},
	month = {10},
	pages = {327--333},
	publisher = {Elsevier},
	title = {Geological evidence for a migrating {Tharsis} plume on early {Mars}},
	volume = {310},
}


@article{Werner2009-xo,
	author = {Werner, Stephanie C},
	journal = {Icarus},
	number = {1},
	year = {2009},
	pages = {44--68},
	publisher = {Elsevier Inc.},
	title = {The global martian volcanic evolutionary history},
	volume = {201},
}


@article{Schubert1989-gp,
	author = {Schubert, G and Bercovici, D and Thomas, P J and {others}},
	journal = {Lunar and Planetary},
	year = {1989},
	publisher = {adsabs.harvard.edu},
	title = {Venus coronae: Formation by mantle plumes},
}


@article{Stofan1992-sl,
	author = {Stofan, Ellen R and Sharpton, Virgil L and Schubert, Gerald and Baer, Gidon and Bindschadler, Duane L and Janes, Daniel M and Squyres, Steven W},
	journal = {J. Geophys. Res.},
	number = {E8},
	year = {1992},
	pages = {13347},
	publisher = {Wiley Online Library},
	title = {Global distribution and characteristics of coronae and related features on {Venus}: Implications for origin and relation to mantle processes},
	volume = {97},
}


@article{Smrekar1997-xq,
	author = {Smrekar, Suzanne E and Stofan, Ellen R},
	journal = {Science},
	number = {5330},
	year = {1997},
	month = {8},
	pages = {1289--1294},
	publisher = {American Association for the Advancement of Science},
	title = {Corona {Formation} and {Heat} {Loss} on {Venus} by {Coupled} {Upwelling} and {Delamination}},
	volume = {277},
}


@article{Johnson2003-dm,
	author = {Johnson, Catherine L and Richards, Mark A},
	journal = {Journal of Geophysical Research: Planets},
	number = {E6},
	year = {2003},
	publisher = {Wiley Online Library},
	title = {A conceptual model for the relationship between coronae and large-scale mantle dynamics on {Venus}},
	volume = {108},
}


@article{Ernst2004-li,
	author = {Ernst, R E and Desnoyers, D W},
	journal = {Phys. Earth Planet. Inter.},
	year = {2004},
	pages = {195--229},
	title = {Lessons from {Venus} for understanding mantle plumes on {Earth}},
	volume = {146},
}


@article{Stofan2005-sx,
	author = {Stofan, Ellen R and Smrekar, Suzanne E},
	journal = {SPECIAL PAPERS-GEOLOGICAL SOCIETY OF AMERICA},
	year = {2005},
	pages = {841},
	publisher = {Boulder, Colo.; Geological Society of America; 1999},
	title = {Large topographic rises, coronae, large flow fields, and large volcanoes on {Venus}: Evidence for mantle plumes?},
	volume = {388},
}


@article{OReilly1981-fr,
	author = {O'Reilly, T C and Davies, G F},
	journal = {Geophys. Res. Lett.},
	year = {1981},
	pages = {313--316},
	title = {Magma transport of heat on {Io} - {A} mechanism allowing a thick lithosphere},
	volume = {8},
}


@article{Moore2001-yb,
	author = {Moore, William B},
	journal = {Icarus},
	number = {2},
	year = {2001},
	month = {12},
	pages = {548--550},
	title = {The {Thermal} {State} of {Io}},
	volume = {154},
}


@article{Stevenson2003-of,
	author = {Stevenson, David J},
	journal = {C. R. Geosci.},
	number = {1},
	year = {2003},
	pages = {99--111},
	title = {Styles of mantle convection and their influence on planetary evolution},
	volume = {335},
}


@article{Veeder2012-ds,
	author = {Veeder, Glenn J and Davies, Ashley Gerard and Matson, Dennis L and Johnson, Torrence V and Williams, David A and Radebaugh, Jani},
	journal = {Icarus},
	number = {2},
	year = {2012},
	pages = {701--722},
	publisher = {Elsevier Inc.},
	title = {Io: Volcanic thermal sources and global heat flow},
	volume = {219},
}


@article{Griffin2014-xo,
	author = {Griffin, W L and Belousova, E A and O'Neill, C and O'Reilly, Suzanne Y and Malkovets, V and Pearson, N J and Spetsius, S and Wilde, S A},
	journal = {Lithos},
	year = {2014},
	month = {2},
	pages = {2--15},
	title = {The world turns over: Hadean--{Archean} crust--mantle evolution},
	volume = {189},
}


@article{Van_Thienen2005-zt,
	author = {van Thienen, P and Vlaar, N J and van den Berg, A P},
	journal = {Phys. Earth Planet. Inter.},
	year = {2005},
	pages = {287--315},
	title = {Assessment of the cooling capacity of plate tectonics and flood volcanism in the evolution of {Earth}, {Mars} and {Venus}},
	volume = {150},
}


@article{Stern2018-ow,
	author = {Stern, Robert J},
	journal = {Philos. Trans. A Math. Phys. Eng. Sci.},
	number = {2132},
	year = {2018},
	month = {10},
	title = {The evolution of plate tectonics},
	volume = {376},
}


@article{ONeill2007-yq,
	author = {O'Neill, C and Jellinek, A M and Lenardic, A},
	journal = {Earth Planet. Sci. Lett.},
	number = {1--2},
	year = {2007},
	month = {9},
	pages = {20--32},
	title = {Conditions for the onset of plate tectonics on terrestrial planets and moons},
	volume = {261},
}


@article{Sleep2007-ak,
	author = {Sleep, N H and Schubert, G},
	journal = {Evolution of the Earth},
	year = {2007},
	pages = {145--169},
	publisher = {books.google.com},
	title = {Plate tectonics through time},
	volume = {9},
}


@article{Pla2009-xm,
	author = {Pla, F and Mancho, A M and Herrero, H},
	journal = {Physica D},
	number = {5},
	year = {2009},
	month = {3},
	pages = {572--580},
	title = {Bifurcation phenomena in a convection problem with temperature dependent viscosity at low aspect ratio},
	volume = {238},
}


@article{Lenardic2016-qg,
	author = {Lenardic, A and Crowley, J W and Jellinek, A M and Weller, M},
	journal = {Astrobiology},
	number = {7},
	year = {2016},
	month = {7},
	pages = {551--559},
	title = {The {Solar} {System} of {Forking} {Paths}: Bifurcations in {Planetary} {Evolution} and the {Search} for {Life}-{Bearing} {Planets} in {Our} {Galaxy}},
	volume = {16},
}


@article{Lenardic2012-bz,
	author = {Lenardic, A and Crowley, J W},
	journal = {ApJ},
	number = {2},
	year = {2012},
	month = {8},
	pages = {132},
	publisher = {IOP Publishing},
	title = {ON {THE} {NOTION} {OF} {WELL}-{DEFINED} {TECTONIC} {REGIMES} {FOR} {TERRESTRIAL} {PLANETS} {IN} {THIS} {SOLAR} {SYSTEM} {AND} {OTHERS}},
	volume = {755},
}


@article{ONeill2015-iz,
	author = {O\textquoteright{}Neill, C and Lenardic, A and Condie, K C},
	journal = {Geological Society, London, Special Publications},
	number = {1},
	year = {2015},
	pages = {17--40},
	publisher = {Geological Society of London},
	title = {Earth's punctuated tectonic evolution: cause and effect},
	volume = {389},
}


@article{ONeill2016-tq,
	author = {O\textquoteright{}Neill, Craig and Lenardic, Adrian and Weller, Matthew and Moresi, Louis and Quenette, Steve and Zhang, Siqi},
	journal = {Phys. Earth Planet. Inter.},
	year = {2016},
	pages = {80--92},
	publisher = {Elsevier B.V.},
	title = {A window for plate tectonics in terrestrial planet evolution?},
	volume = {255},
}


@article{Weller2012-cx,
	author = {Weller, M B and Lenardic, A},
	series = {Geophys. {Monogr}. {Ser}.},
	journal = {Geophys. Res. Lett.},
	number = {10},
	year = {2012},
	month = {5},
	title = {Hysteresis in mantle convection: Plate tectonics systems},
	volume = {39},
}


@article{Glukhovskii2015-nr,
	author = {Glukhovskii, M Z and Kuz\textquoteright{}min, M I},
	journal = {Russ. Geol. Geophys.},
	number = {7},
	year = {2015},
	pages = {959--977},
	publisher = {Elsevier},
	title = {Extraterrestrial factors and their role in the {Earth}\textquoteright{}s tectonic evolution in the {Early} {Precambrian}},
	volume = {56},
}


@article{ONeill2017-em,
	author = {O\textquoteright{}Neill, C and Marchi, S and Zhang, S and Bottke, W},
	journal = {Nat. Geosci.},
	year = {2017},
	month = {9},
	pages = {793},
	publisher = {Nature Publishing Group},
	title = {Impact-driven subduction on the {Hadean} {Earth}},
	volume = {10},
}


@article{ONeill2018-hy,
	author = {O'Neill, Craig and Turner, Simon and Rushmer, Tracy},
	journal = {Philos. Trans. A Math. Phys. Eng. Sci.},
	number = {2132},
	year = {2018},
	month = {10},
	title = {The inception of plate tectonics: a record of failure},
	volume = {376},
}


@article{Lenardic2018-zb,
	author = {Lenardic, A},
	journal = {Philosophical Transactions of the Royal Society A: Mathematical, Physical and Engineering Sciences},
	year = {2018},
	month = {11},
	publisher = {The Royal Society Publishing},
	title = {The diversity of tectonic modes and thoughts about transitions between them},
}


@article{Dye2012-cx,
	author = {Dye, S T},
	journal = {Rev. Geophys.},
	number = {3},
	year = {2012},
	month = {9},
	pages = {1},
	title = {Geoneutrinos and the radioactive power of the {Earth}},
	volume = {50},
}


@book{Schubert2001-ea,
	author = {Schubert, Gerald and Turcotte, Donald L and Olson, Peter},
	year = {2001},
	month = {9},
	publisher = {Cambridge University Press},
	title = {Mantle {Convection} in the {Earth} and {Planets}},
}


@article{Tackley1996-vw,
	author = {Tackley, Paul J},
	series = {Geophys. {Monogr}.},
	journal = {J. Geophys. Res.},
	number = {B2},
	year = {1996},
	month = {2},
	pages = {3311--3332},
	title = {Effects of strongly variable viscosity on three-dimensional compressible convection in planetary mantles},
	volume = {101},
}


@book{White1984-fn,
	author = {White, Frank M},
	year = {1984},
	publisher = {Addison-Wesley Longman, Incorporated},
	title = {Heat transfer},
}


@article{Rayleigh1916-il,
	author = {Rayleigh, Lord},
	journal = {The London, Edinburgh, and Dublin Philosophical Magazine and Journal of Science},
	number = {192},
	year = {1916},
	month = {12},
	pages = {529--546},
	publisher = {Taylor & Francis},
	title = {LIX. {On} convection currents in a horizontal layer of fluid, when the higher temperature is on the under side},
	volume = {32},
}


@article{Jaupart1985-ig,
	author = {Jaupart, Claude and Parsons, Barry},
	journal = {Phys. Earth Planet. Inter.},
	number = {1},
	year = {1985},
	month = {6},
	pages = {14--32},
	title = {Convective instabilities in a variable viscosity fluid cooled from above},
	volume = {39},
}


@article{Turcotte1969-ol,
	author = {Turcotte, D L and Oxburgh, E R},
	journal = {J. Geophys. Res.},
	number = {6},
	year = {1969},
	month = {3},
	pages = {1458--1474},
	title = {Convection in a mantle with variable physical properties},
	volume = {74},
}


@article{McKenzie1974-wb,
	author = {McKenzie, D P and Roberts, J M and Weiss, N O},
	journal = {J. Fluid Mech.},
	number = {3},
	year = {1974},
	month = {2},
	pages = {465--538},
	publisher = {Cambridge University Press},
	title = {Convection in the earth's mantle: towards a numerical simulation},
	volume = {62},
}


@article{Roberts1967-aq,
	author = {Roberts, P H},
	journal = {J. Fluid Mech.},
	number = {1},
	year = {1967},
	month = {10},
	pages = {33--49},
	publisher = {Cambridge University Press},
	title = {Convection in horizontal layers with internal heat generation. {Theory}},
	volume = {30},
}


@article{Lorenz1963-wy,
	author = {Lorenz, Edward N},
	journal = {J. Atmos. Sci.},
	number = {2},
	year = {1963},
	month = {3},
	pages = {130--141},
	publisher = {American Meteorological Society},
	title = {Deterministic {Nonperiodic} {Flow}},
	volume = {20},
}


@article{Moresi1996-fn,
	author = {Moresi, Louis and Zhong, Shijie and Gurnis, Michael},
	journal = {ELSEVIER Physics of the Earth and Planetary Interiors},
	year = {1996},
	pages = {83--94},
	title = {The accuracy of finite element solutions of {Stokes}' flow with strongly varying viscosity},
	volume = {97},
}


@article{Moresi2002-pj,
	address = {Switzerland},
	author = {Moresi, L and Dufour, F and Muhlhaus, H-B},
	journal = {Pure Appl. Geophys.},
	year = {2002},
	pages = {2335},
	publisher = {BIRKHAUSER VERLAG},
	title = {Mantle {Convection} {Modeling} with {Viscoelastic}/{Brittle} {Lithosphere}: Numerical {Methodology} and {Plate} {Tectonic} {Modeling}},
}


@article{Moresi2003-ip,
	author = {Moresi, L and Dufour, F and -B. Muuhlhaus, H},
	journal = {J. Comput. Phys.},
	year = {2003},
	pages = {476--497},
	title = {A {Lagrangian} integration point finite element method for large deformation modeling of viscoelastic geomaterials},
	volume = {184},
}


@inproceedings{Farrington2005-mo,
	author = {Farrington, Rebecca and Moresi, Louis and Quenette, Steve and Turnbull, Robert and Sunter, Patrick},
	booktitle = {APAC {Conference}, {Gold} {Coast}, {Australia}},
	year = {2005},
	organization = {researchgate.net},
	title = {Geodynamic benchmarking tests in {HPC}},
}


@article{May2008-pq,
	author = {May, Dave A and Moresi, Louis},
	journal = {Phys. Earth Planet. Inter.},
	number = {1},
	year = {2008},
	month = {12},
	pages = {33--47},
	publisher = {Elsevier},
	title = {Preconditioned iterative methods for {Stokes} flow problems arising in computational geodynamics},
	volume = {171},
}


@article{Beucher2019-aq,
	author = {Beucher, Romain and Moresi, Louis and Giordani, Julian and Mansour, John and Sandiford, Dan and Farrington, Rebecca and Mondy, Luke and Mallard, Claire and Rey, Patrice and Duclaux, Guillaume and {Others}},
	journal = {Journal of Open Source Software},
	number = {36},
	year = {2019},
	pages = {1136},
	publisher = {joss.theoj.org},
	title = {UWGeodynamics: A teaching and research tool for numerical geodynamic modelling},
	volume = {4},
}


@article{Monaghan2005-yy,
	author = {Monaghan, J J},
	journal = {Rep. Prog. Phys.},
	number = {8},
	year = {2005},
	month = {7},
	pages = {1703},
	publisher = {IOP Publishing},
	title = {Smoothed particle hydrodynamics},
	volume = {68},
}


@article{Cundall1980-hu,
	author = {Cundall, P A and Strack, O D L},
	journal = {G{\' e}otechnique},
	number = {3},
	year = {1980},
	month = {9},
	pages = {331--336},
	publisher = {ICE Publishing},
	title = {Discussion: A discrete numerical model for granular assemblies},
	volume = {30},
}


@book{Hughes2012-xl,
	author = {Hughes, Thomas J R},
	year = {2012},
	month = {5},
	publisher = {Courier Corporation},
	title = {The {Finite} {Element} {Method}: Linear {Static} and {Dynamic} {Finite} {Element} {Analysis}},
}


@article{Swarztrauber2003-mm,
	author = {Swarztrauber, Paul N},
	journal = {SIAM J. Sci. Comput.},
	number = {3},
	year = {2003},
	month = {1},
	pages = {945--954},
	publisher = {Society for Industrial},
	title = {On {Computing} the {Points} and {Weights} for {Gauss}--{Legendre} {Quadrature}},
	volume = {24},
}


@article{Saad1986-kq,
	author = {Saad, Youcef and Schultz, Martin H},
	journal = {SIAM J. Sci. and Stat. Comput.},
	number = {3},
	year = {1986},
	month = {7},
	pages = {856--869},
	publisher = {Society for Industrial},
	title = {GMRES: A {Generalized} {Minimal} {Residual} {Algorithm} for {Solving} {Nonsymmetric} {Linear} {Systems}},
	volume = {7},
}


@article{Brooks1982-ye,
	author = {Brooks, A N and Hughes, T J R},
	journal = {Comput. Methods Appl. Mech. Eng.},
	number = {1-3},
	year = {1982},
	pages = {199--259},
	title = {Streamline upwind/{Petrov}-{Galerkin} formulations for convection dominated flows with particular emphasis on the incompressible {Navier}-{Stokes} equations},
	volume = {32},
}


@book{Hairer2006-ea,
	author = {Hairer, Ernst and Lubich, Christian and Roche, Michel},
	year = {2006},
	month = {11},
	publisher = {Springer},
	title = {The {Numerical} {Solution} of {Differential}-{Algebraic} {Systems} by {Runge}-{Kutta} {Methods}},
}


@article{Courant1967-as,
	author = {Courant, R and Friedrichs, K and Lewy, H},
	journal = {International Business Machines Corporation. Journal of Research and Development},
	year = {1967},
	month = {1},
	pages = {215},
	title = {On the partial difference equations of mathematical physics},
	volume = {11},
}


@article{Meriaux2018-tc,
	author = {M{\' e}riaux, Catherine A and May, Dave A and Mansour, John and Chen, Zhihao and Kaluza, Owen},
	journal = {Phys. Earth Planet. Inter.},
	year = {2018},
	month = {10},
	pages = {110--121},
	title = {Benchmark of three-dimensional numerical models of subduction against a laboratory experiment},
	volume = {283},
}


@article{Velic2009-yd,
	author = {Veli{\' c}, Mirko and May, Dave and Moresi, Louis},
	journal = {J. Math. Model. Algorithms},
	number = {3},
	year = {2009},
	month = {8},
	pages = {343--355},
	title = {A {Fast} {Robust} {Algorithm} for {Computing} {Discrete} {Voronoi} {Diagrams}},
	volume = {8},
}


@inproceedings{Quenette2007-em,
	author = {Quenette, Steve and Moresi, Louis and Sunter, P D and Appelbe, Bill F},
	booktitle = {Parallel and {Distributed} {Processing} {Symposium}, {IPDPS} 2007},
	year = {2007},
	month = {3},
	pages = {1--8},
	title = {Explaining {StGermain}: An aspect oriented environment for building extensible computational mechanics modeling software},
}


@article{Asten2018-qj,
	author = {Asten, Michael},
	journal = {Preview},
	number = {195},
	year = {2018},
	pages = {27--32},
	publisher = {CSIRO},
	title = {Education matters: The {ARC} {Basin} {GENESIS} {Hub}--connecting solid {Earth} evolution to sedimentary basins},
	volume = {2018},
}


@book{Kant1781-su,
	author = {Kant, Immanuel},
	year = {1781},
	publisher = {Cambridge University Press},
	title = {Critique of {Pure} {Reason}},
}


@book{Milne1988-ws,
	author = {Milne, Alan Alexander},
	year = {1988},
	publisher = {Dutton},
	title = {The {House} at {Pooh} {Corner}},
}


@inproceedings{Mahendran2015-og,
	author = {Mahendran, A and Vedaldi, A},
	booktitle = {2015 {IEEE} {Conference} on {Computer} {Vision} and {Pattern} {Recognition} ({CVPR})},
	year = {2015},
	month = {6},
	pages = {5188--5196},
	title = {Understanding deep image representations by inverting them},
}


@article{Wilson2014-zo,
	author = {Wilson, Greg and Aruliah, D A and Brown, C Titus and Chue Hong, Neil P and Davis, Matt and Guy, Richard T and Haddock, Steven H D and Huff, Kathryn D and Mitchell, Ian M and Plumbley, Mark D and Waugh, Ben and White, Ethan P and Wilson, Paul},
	journal = {PLoS Biol.},
	number = {1},
	year = {2014},
	month = {1},
	pages = {e1001745},
	title = {Best practices for scientific computing},
	volume = {12},
}


@article{Wilkinson2016-qr,
	author = {Wilkinson, Mark D and Dumontier, Michel and Aalbersberg, I Jsbrand Jan and Appleton, Gabrielle and Axton, Myles and Baak, Arie and Blomberg, Niklas and Boiten, Jan-Willem and da Silva Santos, Luiz Bonino and Bourne, Philip E and Bouwman, Jildau and Brookes, Anthony J and Clark, Tim and Crosas, Merc{\` e} and Dillo, Ingrid and Dumon, Olivier and Edmunds, Scott and Evelo, Chris T and Finkers, Richard and Gonzalez-Beltran, Alejandra and Gray, Alasdair J G and Groth, Paul and Goble, Carole and Grethe, Jeffrey S and Heringa, Jaap and 't Hoen, Peter A C and Hooft, Rob and Kuhn, Tobias and Kok, Ruben and Kok, Joost and Lusher, Scott J and Martone, Maryann E and Mons, Albert and Packer, Abel L and Persson, Bengt and Rocca-Serra, Philippe and Roos, Marco and van Schaik, Rene and Sansone, Susanna-Assunta and Schultes, Erik and Sengstag, Thierry and Slater, Ted and Strawn, George and Swertz, Morris A and Thompson, Mark and van der Lei, Johan and van Mulligen, Erik and Velterop, Jan and Waagmeester, Andra and Wittenburg, Peter and Wolstencroft, Katherine and Zhao, Jun and Mons, Barend},
	journal = {Sci Data},
	year = {2016},
	month = {3},
	pages = {160018},
	title = {The {FAIR} {Guiding} {Principles} for scientific data management and stewardship},
	volume = {3},
}


@article{Jacobsen2020-cc,
	author = {Jacobsen, Annika and de Miranda Azevedo, Ricardo and Juty, Nick and Batista, Dominique and Coles, Simon and Cornet, Ronald and Courtot, M{\' e}lanie and Crosas, Merc{\` e} and Dumontier, Michel and Evelo, Chris T and Goble, Carole and Guizzardi, Giancarlo and Hansen, Karsten Kryger and Hasnain, Ali and Hettne, Kristina and Heringa, Jaap and Hooft, Rob W W and Imming, Melanie and Jeffery, Keith G and Kaliyaperumal, Rajaram and Kersloot, Martijn G and Kirkpatrick, Christine R and Kuhn, Tobias and Labastida, Ignasi and Magagna, Barbara and McQuilton, Peter and Meyers, Natalie and Montesanti, Annalisa and van Reisen, Mirjam and Rocca-Serra, Philippe and Pergl, Robert and Sansone, Susanna-Assunta and da Silva Santos, Luiz Olavo Bonino and Schneider, Juliane and Strawn, George and Thompson, Mark and Waagmeester, Andra and Weigel, Tobias and Wilkinson, Mark D and Willighagen, Egon L and Wittenburg, Peter and Roos, Marco and Mons, Barend and Schultes, Erik},
	journal = {Data Intellegence},
	number = {1-2},
	year = {2020},
	month = {1},
	pages = {10--29},
	publisher = {MIT Press - Journals},
	title = {FAIR principles: Interpretations and implementation considerations},
	volume = {2},
}


@article{Wilson2017-xm,
	author = {Wilson, Greg and Bryan, Jennifer and Cranston, Karen and Kitzes, Justin and Nederbragt, Lex and Teal, Tracy K},
	journal = {PLoS Comput. Biol.},
	number = {6},
	year = {2017},
	month = {6},
	pages = {e1005510},
	title = {Good enough practices in scientific computing},
	volume = {13},
}


@article{Heaton2015-wg,
	author = {Heaton, Dustin and Carver, Jeffrey C},
	journal = {Information and Software Technology},
	year = {2015},
	month = {11},
	pages = {207--219},
	title = {Claims about the use of software engineering practices in science: A systematic literature review},
	volume = {67},
}


@article{Tackley2012-hq,
	author = {Tackley, Paul J},
	journal = {Earth-Sci. Rev.},
	number = {1--4},
	year = {2012},
	pages = {1--25},
	publisher = {Elsevier B.V.},
	title = {Dynamics and evolution of the deep mantle resulting from thermal, chemical, phase and melting effects},
	volume = {110},
}


@book{Getling1998-gv,
	author = {Getling, A V},
	year = {1998},
	publisher = {World Scientific},
	title = {Rayleigh-{B}{\' e}nard convection : structures and dynamics},
}


@article{Turcotte1967-cz,
	author = {Turcotte, D L and Oxburgh, E R},
	journal = {J. Fluid Mech.},
	number = {1},
	year = {1967},
	month = {4},
	pages = {29--42},
	publisher = {Cambridge University Press},
	title = {Finite amplitude convective cells and continental drift},
	volume = {28},
}


@inbook{Jaupart2015-un,
	address = {Oxford},
	author = {Jaupart, C and Labrosse, S and Lucazeau, F and Mareschal, J-C},
	booktitle = {Treatise on {Geophysics} ({Second} {Edition})},
	editor = {Schubert, Gerald},
	year = {2015},
	pages = {223--270},
	publisher = {Elsevier},
	title = {7.06 - {Temperatures}, {Heat}, and {Energy} in the {Mantle} of the {Earth}},
}


@article{McKenzie1973-gt,
	author = {McKenzie, Dan and Roberts, Jean and Weiss, Nigel},
	journal = {Tectonophysics},
	number = {2},
	year = {1973},
	month = {9},
	pages = {89--103},
	title = {Numerical models of convection in the earth's mantle},
	volume = {19},
}


@article{Jarvis1986-me,
	author = {Jarvis, G T and Peltier, W R},
	journal = {J. Geophys. Res.},
	number = {B1},
	year = {1986},
	pages = {435},
	publisher = {American Geophysical Union (AGU)},
	title = {Lateral heterogeneity in the convecting mantle},
	volume = {91},
}


@article{Zhong2005-lh,
	author = {Zhong, Shijie},
	journal = {Geophys. J. Int.},
	number = {1},
	year = {2005},
	month = {7},
	pages = {289--300},
	publisher = {Oxford Academic},
	title = {Dynamics of thermal plumes in three-dimensional isoviscous thermal convection},
	volume = {162},
}


@article{Weller2016-nm,
	author = {Weller, Matthew B and Lenardic, Adrian and Moore, William B},
	journal = {J. Geophys. Res. [Solid Earth]},
	number = {10},
	year = {2016},
	month = {10},
	pages = {7598--7617},
	publisher = {American Geophysical Union (AGU)},
	title = {Scaling relationships and physics for mixed heating convection in planetary interiors: Isoviscous spherical shells},
	volume = {121},
}


@article{Vilella2018-il,
	author = {Vilella, Kenny and Deschamps, Fr{\' e}d{\' e}ric},
	journal = {Geophys. J. Int.},
	number = {1},
	year = {2018},
	month = {7},
	pages = {265--281},
	publisher = {Oxford Academic},
	title = {Temperature and heat flux scaling laws for isoviscous, infinite {Prandtl} number mixed heating convection},
	volume = {214},
}


@article{Daly1980-xl,
	author = {Daly, Stephen F},
	journal = {Geophys. J. Int.},
	number = {3},
	year = {1980},
	month = {6},
	pages = {519--547},
	publisher = {Oxford Academic},
	title = {Convection with decaying heat sources: constant viscosity},
	volume = {61},
}


@article{Stewart1989-os,
	author = {Stewart, Cheryl A and Turcotte, Donald L},
	journal = {J. Geophys. Res.},
	number = {B10},
	year = {1989},
	month = {10},
	pages = {13707--13717},
	publisher = {American Geophysical Union (AGU)},
	title = {The route to chaos in thermal convection at infinite {Prandtl} number: 1. {Some} trajectories and bifurcations},
	volume = {94},
}


@article{Palymskiy2003-fq,
	author = {Palymskiy, I B},
	year = {2003},
	month = {1},
	publisher = {unknown},
	title = {DETERMINISM {AND} {CHAOS} {IN} {THE} {RAYLEIGH} - {BENARD} {CONVECTION}},
}


@article{Vynnycky2013-wg,
	author = {Vynnycky, M and Masuda, Y},
	journal = {Phys. Fluids},
	number = {11},
	year = {2013},
	month = {11},
	pages = {113602},
	publisher = {American Institute of Physics},
	title = {Rayleigh-{B}{\' e}nard convection at high {Rayleigh} number and infinite {Prandtl} number: Asymptotics and numerics},
	volume = {25},
}


@article{Trubitsyn2018-jo,
	author = {Trubitsyn, V P and Evseev, M N},
	journal = {Izv. Phys. Solid Earth},
	number = {6},
	year = {2018},
	month = {11},
	pages = {838--848},
	title = {Plume {Mode} of {Thermal} {Convection} in the {Earth}\textquoteright{}s {Mantle}},
	volume = {54},
}


@article{Huttig2011-jt,
	author = {H{\" u}ttig, Christian and Breuer, Doris},
	journal = {Phys. Earth Planet. Inter.},
	number = {3},
	year = {2011},
	month = {6},
	pages = {111--124},
	title = {Regime classification and planform scaling for internally heated mantle convection},
	volume = {186},
}


@article{Jarvis1984-xo,
	author = {Jarvis, G T},
	journal = {Phys. Earth Planet. Inter.},
	number = {3},
	year = {1984},
	month = {12},
	pages = {305--327},
	title = {Time-dependent convection in the {Earth}'s mantle},
	volume = {36},
}


@book{Chandrasekhar1961-ez,
	author = {Chandrasekhar, Subrahmanyan},
	year = {1961},
	month = {1},
	title = {Hydrodynamic and hydromagnetic stability},
}


@article{Malkus1954-ee,
	author = {Malkus, W V R and Chandrasekhar, Subrahmanyan},
	journal = {Proc. R. Soc. Lond. A Math. Phys. Sci.},
	number = {1161},
	year = {1954},
	month = {8},
	pages = {185--195},
	publisher = {Royal Society},
	title = {Discrete transitions in turbulent convection},
	volume = {225},
}


@article{Grover1968-wa,
	author = {Grover, S D and Tandon, J N},
	journal = {Zeitschrift fur Astrophysik},
	year = {1968},
	month = {1},
	pages = {357},
	title = {Convective {Instabilities} in a {Compressible} {Atmosphere}. {I}. {The} {Effect} of {Magnetic} {Field}},
	volume = {68},
}


@article{Whitehead2011-gs,
	author = {Whitehead, J A and Shea, Erin and Behn, Mark D},
	journal = {Phys. Fluids},
	number = {10},
	year = {2011},
	month = {10},
	pages = {104103},
	publisher = {American Institute of Physics},
	title = {Cellular convection in a chamber with a warm surface raft},
	volume = {23},
}


@article{Olson1987-do,
	author = {Olson, Peter},
	journal = {Phys. Earth Planet. Inter.},
	number = {1},
	year = {1987},
	month = {9},
	pages = {153--160},
	title = {A comparison of heat transfer laws for mantle convection at very high {Rayleigh} numbers},
	volume = {48},
}


@article{Lenardic2003-wd,
	author = {Lenardic, A and Moresi, L},
	journal = {Phys. Fluids},
	number = {2},
	year = {2003},
	month = {2},
	pages = {455--466},
	publisher = {American Institute of Physics},
	title = {Thermal convection below a conducting lid of variable extent: Heat flow scalings and two-dimensional, infinite {Prandtl} number numerical simulations},
	volume = {15},
}


@article{Jarvis1989-qj,
	author = {Jarvis, G T and Mitrovica, J X},
	journal = {Geophys. J. Int.},
	number = {3},
	year = {1989},
	month = {12},
	pages = {497--509},
	publisher = {Oxford Academic},
	title = {On {Nusselt} numbers and the relative resolution of plumes and boundary layers in mantle convection},
	volume = {99},
}


@article{Jarvis1982-ua,
	author = {Jarvis, G T and Peltier, W R},
	journal = {Geophys. J. Int.},
	number = {2},
	year = {1982},
	month = {2},
	pages = {389--427},
	publisher = {Oxford University Press (OUP)},
	title = {Mantle convection as a boundary layer phenomenon},
	volume = {68},
}


@article{Chan1971-xv,
	author = {Chan, Shu-Kwan},
	journal = {Stud. Appl. Math.},
	number = {1},
	year = {1971},
	month = {3},
	pages = {13--49},
	publisher = {Wiley},
	title = {Infinite {Prandtl} number turbulent convection},
	volume = {50},
}


@article{Schubert1985-sy,
	author = {Schubert, Gerald and Anderson, Charles A},
	journal = {Geophys. J. Int.},
	number = {3},
	year = {1985},
	month = {3},
	pages = {575--601},
	publisher = {Oxford Academic},
	title = {Finite element calculations of very high {Rayleigh} number thermal convection},
	volume = {80},
}


@article{Quareni1985-ff,
	author = {Quareni, Francesca and Yuen, David A and Sewell, Granville and Christensen, Ulrich R},
	journal = {J. Geophys. Res.},
	number = {B14},
	year = {1985},
	pages = {12633},
	publisher = {American Geophysical Union (AGU)},
	title = {High {Rayleigh} number convection with strongly variable viscosity: A comparison between mean field and two-dimensional solutions},
	volume = {90},
}


@article{Niemela2000-cu,
	author = {Niemela, J J and Skrbek, L and Sreenivasan, K R and Donnelly, R J},
	journal = {Nature},
	number = {6780},
	year = {2000},
	month = {4},
	pages = {837--840},
	publisher = {Nature Publishing Group},
	title = {Turbulent convection at very high {Rayleigh} numbers},
	volume = {404},
}


@article{Christensen1985-bu,
	author = {Christensen, Ulrich R},
	journal = {J. Geophys. Res.},
	number = {B4},
	year = {1985},
	pages = {2995},
	publisher = {American Geophysical Union (AGU)},
	title = {Thermal evolution models for the {Earth}},
	volume = {90},
}


@article{Jochum1983-dn,
	author = {Jochum, K P and Hofmann, A W and Ito, E and Seufert, H M and White, W M},
	journal = {Nature},
	number = {5942},
	year = {1983},
	month = {12},
	pages = {431--436},
	title = {K, {U} and {Th} in mid-ocean ridge basalt glasses and heat production, {K}/{U} and {K}/{Rb} in the mantle},
	volume = {306},
}


@article{Korenaga2017-an,
	author = {Korenaga, Jun},
	journal = {J. Geophys. Res. [Solid Earth]},
	number = {5},
	year = {2017},
	month = {5},
	pages = {4064--4085},
	publisher = {American Geophysical Union (AGU)},
	title = {Pitfalls in modeling mantle convection with internal heat production},
	volume = {122},
}


@article{Moore2008-je,
	author = {Moore, William B},
	journal = {J. Geophys. Res.},
	number = {B11},
	year = {2008},
	month = {11},
	pages = {93},
	title = {Heat transport in a convecting layer heated from within and below},
	volume = {113},
}


@article{Solomatov2000-xn,
	author = {Solomatov, V S and Moresi, L-N},
	journal = {J. Geophys. Res.},
	number = {B9},
	year = {2000},
	month = {9},
	pages = {21795--21817},
	publisher = {American Geophysical Union (AGU)},
	title = {Scaling of time-dependent stagnant lid convection: Application to small-scale convection on {Earth} and other terrestrial planets},
	volume = {105},
}


@article{Vilella2017-mg,
	author = {Vilella, Kenny and Kaminski, Edouard},
	journal = {Phys. Earth Planet. Inter.},
	year = {2017},
	month = {5},
	pages = {18--28},
	title = {Fully determined scaling laws for volumetrically heated convective systems, a tool for assessing habitability of exoplanets},
	volume = {266},
}


@article{Weinstein1990-dd,
	author = {Weinstein, Stuart A and Olson, Peter},
	journal = {Geophys. Res. Lett.},
	number = {3},
	year = {1990},
	month = {3},
	pages = {239--242},
	publisher = {American Geophysical Union (AGU)},
	title = {Planforms in thermal convection with internal heat sources at large {Rayleigh} and {Prandtl} numbers},
	volume = {17},
}


@article{Parmentier1994-on,
	author = {Parmentier, E M and Sotin, C and Travis, B J},
	journal = {Geophys. J. Int.},
	number = {2},
	year = {1994},
	pages = {241--251},
	title = {Turbulent 3D thermal convection in an infinite {Prandtl} number, volumetrically heated fluid: implications for mantle dynamics},
	volume = {116},
}


@article{Jarvis1993-cb,
	author = {Jarvis, Gary T},
	journal = {J. Geophys. Res.},
	number = {B3},
	year = {1993},
	month = {3},
	pages = {4477--4485},
	title = {Effects of curvature on two-dimensional models of mantle convection: Cylindrical polar coordinates},
	volume = {98},
}


@article{Jarvis1994-np,
	author = {Jarvis, Gary T},
	journal = {Geophys. J. Int.},
	number = {2},
	year = {1994},
	month = {5},
	pages = {419--426},
	publisher = {Narnia},
	title = {The {Unifying} {Role} of {Aspect} {Ratio} {In} {Cylindrical} {Models} of {Mantle} {Convection} {With} {Varying} {Degrees} of {Curvature}},
	volume = {117},
}


@inbook{Jarvis1991-ir,
	author = {Jarvis, G T},
	booktitle = {Advances in {Geophysics}},
	editor = {Dmowska, Renata and Saltzman, Barry},
	year = {1991},
	month = {1},
	pages = {1--80},
	publisher = {Elsevier},
	title = {Two-{Dimensional} {Numerical} {Models} of {Mantle} {Convection}},
	volume = {33},
}

