@article{Basri_2006,
	author = {Basri, Gibor and Brown, Michael E.},
	journal = {Annual Review of Earth and Planetary Sciences},
	doi = {10.1146/annurev.earth.34.031405.125058},
	issn = {1545-4495},
	number = {1},
	year = {2006},
	month = {5},
	pages = {193--216},
	publisher = {Annual Reviews},
	title = {PLANETESIMALS {TO} {BROWN} {DWARFS}: What is a {Planet}?},
	url = {http://dx.doi.org/10.1146/annurev.earth.34.031405.125058},
	volume = {34},
}

