@article{Cory_1925,
	author = {Cory, Herbert Ellsworth},
	journal = {The Journal of Philosophy},
	doi = {10.2307/2013854},
	issn = {0022-362X},
	number = {15},
	year = {1925},
	month = {7},
	pages = {393},
	publisher = {Philosophy Documentation Center},
	title = {The {Interactions} of {Beauty} and {Truth}},
	url = {http://dx.doi.org/10.2307/2013854},
	volume = {22},
}

